Date,Actual Sales,Sales Target, Actual Costing , Target Costing , Total Sales , Production Cost , Profit 
3/29/2025,40714,52193," ₹ 6,405 "," ₹ 9,498 "," ₹ 77,947 "," ₹ 46,207 "," ₹ 31,740 "
3/28/2025,37364,52193," ₹ 3,021 "," ₹ 9,498 "," ₹ 84,195 "," ₹ 28,320 "," ₹ 55,875 "
3/27/2025,75269,52193," ₹ 7,140 "," ₹ 9,498 "," ₹ 69,835 "," ₹ 36,720 "," ₹ 33,115 "
3/26/2025,71660,52193," ₹ 3,905 "," ₹ 9,498 "," ₹ 60,633 "," ₹ 39,681 "," ₹ 20,952 "
3/25/2025,33407,52193," ₹ 7,737 "," ₹ 9,498 "," ₹ 25,725 "," ₹ 31,677 "," ₹ -5,952 "
3/24/2025,26380,52193," ₹ 7,023 "," ₹ 9,498 "," ₹ 56,630 "," ₹ 36,245 "," ₹ 20,385 "
3/23/2025,30445,52193," ₹ 3,771 "," ₹ 9,498 "," ₹ 41,364 "," ₹ 33,118 "," ₹ 8,246 "
3/22/2025,39997,52193," ₹ 8,824 "," ₹ 9,498 "," ₹ 48,968 "," ₹ 53,013 "," ₹ -4,045 "
3/21/2025,40192,52193," ₹ 8,302 "," ₹ 9,498 "," ₹ 55,683 "," ₹ 39,494 "," ₹ 16,189 "
3/20/2025,34717,52193," ₹ 3,610 "," ₹ 9,498 "," ₹ 28,146 "," ₹ 25,181 "," ₹ 2,965 "
3/19/2025,54539,52193," ₹ 6,687 "," ₹ 9,498 "," ₹ 25,342 "," ₹ 30,374 "," ₹ -5,032 "
3/18/2025,50401,52193," ₹ 5,588 "," ₹ 9,498 "," ₹ 57,162 "," ₹ 43,054 "," ₹ 14,108 "
3/17/2025,46404,52193," ₹ 7,298 "," ₹ 9,498 "," ₹ 54,309 "," ₹ 42,638 "," ₹ 11,671 "
3/16/2025,59583,52193," ₹ 7,445 "," ₹ 9,498 "," ₹ 82,416 "," ₹ 59,730 "," ₹ 22,686 "
3/15/2025,44401,52193," ₹ 7,846 "," ₹ 9,498 "," ₹ 83,281 "," ₹ 37,182 "," ₹ 46,099 "
3/14/2025,32127,52193," ₹ 5,171 "," ₹ 9,498 "," ₹ 72,376 "," ₹ 48,583 "," ₹ 23,793 "
3/13/2025,20939,52193," ₹ 3,665 "," ₹ 9,498 "," ₹ 46,697 "," ₹ 15,056 "," ₹ 31,641 "
3/12/2025,55717,52193," ₹ 4,776 "," ₹ 9,498 "," ₹ 39,105 "," ₹ 28,373 "," ₹ 10,732 "
3/11/2025,72304,52193," ₹ 5,093 "," ₹ 9,498 "," ₹ 38,872 "," ₹ 37,371 "," ₹ 1,501 "
3/10/2025,63066,52193," ₹ 4,601 "," ₹ 9,498 "," ₹ 27,995 "," ₹ 15,524 "," ₹ 12,471 "
3/9/2025,69258,52193," ₹ 5,459 "," ₹ 9,498 "," ₹ 31,092 "," ₹ 24,683 "," ₹ 6,409 "
3/8/2025,41859,52193," ₹ 6,479 "," ₹ 9,498 "," ₹ 74,732 "," ₹ 44,137 "," ₹ 30,595 "
3/7/2025,68664,52193," ₹ 6,519 "," ₹ 9,498 "," ₹ 73,050 "," ₹ 53,120 "," ₹ 19,930 "
3/6/2025,44554,52193," ₹ 5,547 "," ₹ 9,498 "," ₹ 26,806 "," ₹ 35,211 "," ₹ -8,405 "
3/5/2025,70876,52193," ₹ 3,148 "," ₹ 9,498 "," ₹ 46,056 "," ₹ 31,602 "," ₹ 14,454 "
3/4/2025,37330,52193," ₹ 6,289 "," ₹ 9,498 "," ₹ 49,192 "," ₹ 39,245 "," ₹ 9,947 "
3/3/2025,78481,52193," ₹ 3,476 "," ₹ 9,498 "," ₹ 49,511 "," ₹ 42,346 "," ₹ 7,165 "
3/2/2025,35987,52193," ₹ 5,342 "," ₹ 9,498 "," ₹ 66,418 "," ₹ 47,654 "," ₹ 18,764 "
3/1/2025,60927,52193," ₹ 3,254 "," ₹ 9,498 "," ₹ 30,041 "," ₹ 21,226 "," ₹ 8,815 "
2/28/2025,41197,52193," ₹ 6,502 "," ₹ 9,498 "," ₹ 56,938 "," ₹ 21,316 "," ₹ 35,622 "
2/27/2025,50873,52193," ₹ 6,351 "," ₹ 9,498 "," ₹ 63,791 "," ₹ 52,433 "," ₹ 11,358 "
2/26/2025,78943,52193," ₹ 5,098 "," ₹ 9,498 "," ₹ 30,455 "," ₹ 21,141 "," ₹ 9,314 "
2/25/2025,67026,52193," ₹ 7,772 "," ₹ 9,498 "," ₹ 50,805 "," ₹ 54,000 "," ₹ -3,195 "
2/24/2025,24713,52193," ₹ 4,659 "," ₹ 9,498 "," ₹ 32,380 "," ₹ 26,321 "," ₹ 6,059 "
2/23/2025,78014,52193," ₹ 3,287 "," ₹ 9,498 "," ₹ 77,783 "," ₹ 48,652 "," ₹ 29,131 "
2/22/2025,76182,52193," ₹ 8,307 "," ₹ 9,498 "," ₹ 68,340 "," ₹ 55,826 "," ₹ 12,514 "
2/21/2025,30710,52193," ₹ 3,053 "," ₹ 9,498 "," ₹ 38,278 "," ₹ 30,238 "," ₹ 8,040 "
2/20/2025,30911,52193," ₹ 4,321 "," ₹ 9,498 "," ₹ 56,498 "," ₹ 17,676 "," ₹ 38,822 "
2/19/2025,39421,52193," ₹ 6,514 "," ₹ 9,498 "," ₹ 75,972 "," ₹ 34,170 "," ₹ 41,802 "
2/18/2025,73489,52193," ₹ 8,304 "," ₹ 9,498 "," ₹ 70,678 "," ₹ 42,953 "," ₹ 27,725 "
2/17/2025,22565,52193," ₹ 7,342 "," ₹ 9,498 "," ₹ 41,155 "," ₹ 34,048 "," ₹ 7,107 "
2/16/2025,70463,52193," ₹ 5,669 "," ₹ 9,498 "," ₹ 76,334 "," ₹ 24,848 "," ₹ 51,486 "
2/15/2025,47019,52193," ₹ 5,338 "," ₹ 9,498 "," ₹ 74,714 "," ₹ 27,191 "," ₹ 47,523 "
2/14/2025,42124,52193," ₹ 8,821 "," ₹ 9,498 "," ₹ 85,172 "," ₹ 59,655 "," ₹ 25,517 "
2/13/2025,38513,52193," ₹ 6,676 "," ₹ 9,498 "," ₹ 73,778 "," ₹ 29,148 "," ₹ 44,630 "
2/12/2025,26551,52193," ₹ 7,020 "," ₹ 9,498 "," ₹ 82,366 "," ₹ 17,941 "," ₹ 64,425 "
2/11/2025,71453,52193," ₹ 7,190 "," ₹ 9,498 "," ₹ 40,259 "," ₹ 28,539 "," ₹ 11,720 "
2/10/2025,52114,52193," ₹ 4,270 "," ₹ 9,498 "," ₹ 35,908 "," ₹ 42,323 "," ₹ -6,415 "
2/9/2025,55104,52193," ₹ 7,487 "," ₹ 9,498 "," ₹ 78,709 "," ₹ 57,228 "," ₹ 21,481 "
2/8/2025,29688,52193," ₹ 5,440 "," ₹ 9,498 "," ₹ 77,303 "," ₹ 41,304 "," ₹ 35,999 "
2/7/2025,60239,52193," ₹ 3,031 "," ₹ 9,498 "," ₹ 85,823 "," ₹ 32,815 "," ₹ 53,008 "
2/6/2025,62895,52193," ₹ 6,134 "," ₹ 9,498 "," ₹ 29,678 "," ₹ 38,576 "," ₹ -8,898 "
2/5/2025,68714,52193," ₹ 8,677 "," ₹ 9,498 "," ₹ 49,729 "," ₹ 54,471 "," ₹ -4,742 "
2/4/2025,73359,52193," ₹ 4,492 "," ₹ 9,498 "," ₹ 74,433 "," ₹ 52,213 "," ₹ 22,220 "
2/3/2025,66163,52193," ₹ 6,598 "," ₹ 9,498 "," ₹ 41,463 "," ₹ 43,457 "," ₹ -1,994 "
2/2/2025,68728,52193," ₹ 3,007 "," ₹ 9,498 "," ₹ 71,970 "," ₹ 26,427 "," ₹ 45,543 "
2/1/2025,58974,52193," ₹ 3,006 "," ₹ 9,498 "," ₹ 30,765 "," ₹ 21,826 "," ₹ 8,939 "
1/31/2025,47407,52193," ₹ 5,706 "," ₹ 9,498 "," ₹ 71,184 "," ₹ 51,879 "," ₹ 19,305 "
1/30/2025,71430,52193," ₹ 8,851 "," ₹ 9,498 "," ₹ 64,840 "," ₹ 38,039 "," ₹ 26,801 "
1/29/2025,21122,52193," ₹ 4,184 "," ₹ 9,498 "," ₹ 41,104 "," ₹ 28,460 "," ₹ 12,644 "
1/28/2025,78168,52193," ₹ 5,847 "," ₹ 9,498 "," ₹ 70,027 "," ₹ 59,952 "," ₹ 10,075 "
1/27/2025,55687,52193," ₹ 4,269 "," ₹ 9,498 "," ₹ 73,022 "," ₹ 51,177 "," ₹ 21,845 "
1/26/2025,24295,52193," ₹ 6,822 "," ₹ 9,498 "," ₹ 85,223 "," ₹ 49,506 "," ₹ 35,717 "
1/25/2025,64696,52193," ₹ 7,496 "," ₹ 9,498 "," ₹ 74,882 "," ₹ 35,886 "," ₹ 38,996 "
1/24/2025,61808,52193," ₹ 4,013 "," ₹ 9,498 "," ₹ 57,051 "," ₹ 30,963 "," ₹ 26,088 "
1/23/2025,37942,52193," ₹ 8,038 "," ₹ 9,498 "," ₹ 69,047 "," ₹ 37,907 "," ₹ 31,140 "
1/22/2025,67628,52193," ₹ 5,572 "," ₹ 9,498 "," ₹ 80,791 "," ₹ 51,607 "," ₹ 29,184 "
1/21/2025,51964,52193," ₹ 8,890 "," ₹ 9,498 "," ₹ 73,439 "," ₹ 22,069 "," ₹ 51,370 "
1/20/2025,72756,52193," ₹ 4,313 "," ₹ 9,498 "," ₹ 32,394 "," ₹ 25,881 "," ₹ 6,513 "
1/19/2025,74550,52193," ₹ 5,318 "," ₹ 9,498 "," ₹ 71,326 "," ₹ 55,498 "," ₹ 15,828 "
1/18/2025,49401,52193," ₹ 8,535 "," ₹ 9,498 "," ₹ 75,641 "," ₹ 50,513 "," ₹ 25,128 "
1/17/2025,66406,52193," ₹ 6,979 "," ₹ 9,498 "," ₹ 43,716 "," ₹ 38,591 "," ₹ 5,125 "
1/16/2025,45463,52193," ₹ 7,411 "," ₹ 9,498 "," ₹ 77,271 "," ₹ 50,909 "," ₹ 26,362 "
1/15/2025,75190,52193," ₹ 7,338 "," ₹ 9,498 "," ₹ 35,315 "," ₹ 51,986 "," ₹ -16,671 "
1/14/2025,67955,52193," ₹ 5,845 "," ₹ 9,498 "," ₹ 45,777 "," ₹ 50,872 "," ₹ -5,095 "
1/13/2025,43635,52193," ₹ 7,208 "," ₹ 9,498 "," ₹ 73,020 "," ₹ 59,267 "," ₹ 13,753 "
1/12/2025,24258,52193," ₹ 5,950 "," ₹ 9,498 "," ₹ 42,272 "," ₹ 24,442 "," ₹ 17,830 "
1/11/2025,78602,52193," ₹ 3,331 "," ₹ 9,498 "," ₹ 56,909 "," ₹ 57,524 ", ₹ -615 
1/10/2025,28964,52193," ₹ 6,165 "," ₹ 9,498 "," ₹ 88,496 "," ₹ 43,698 "," ₹ 44,798 "
1/9/2025,60539,52193," ₹ 5,971 "," ₹ 9,498 "," ₹ 35,796 "," ₹ 29,746 "," ₹ 6,050 "
1/8/2025,21388,52193," ₹ 7,166 "," ₹ 9,498 "," ₹ 65,030 "," ₹ 31,685 "," ₹ 33,345 "
1/7/2025,63325,52193," ₹ 4,285 "," ₹ 9,498 "," ₹ 47,548 "," ₹ 32,779 "," ₹ 14,769 "
1/6/2025,51122,52193," ₹ 5,609 "," ₹ 9,498 "," ₹ 45,935 "," ₹ 50,538 "," ₹ -4,603 "
1/5/2025,49275,52193," ₹ 5,144 "," ₹ 9,498 "," ₹ 55,438 "," ₹ 25,513 "," ₹ 29,925 "
1/4/2025,41868,52193," ₹ 3,847 "," ₹ 9,498 "," ₹ 25,185 "," ₹ 36,107 "," ₹ -10,922 "
1/3/2025,48452,52193," ₹ 6,876 "," ₹ 9,498 "," ₹ 42,055 "," ₹ 25,009 "," ₹ 17,046 "
1/2/2025,48496,52193," ₹ 7,185 "," ₹ 9,498 "," ₹ 26,108 "," ₹ 37,875 "," ₹ -11,767 "
1/1/2025,36280,52193," ₹ 5,752 "," ₹ 9,498 "," ₹ 76,114 "," ₹ 39,461 "," ₹ 36,653 "
12/31/2024,44763,52193," ₹ 8,848 "," ₹ 9,498 "," ₹ 47,534 "," ₹ 37,567 "," ₹ 9,967 "
12/30/2024,38421,52193," ₹ 4,594 "," ₹ 9,498 "," ₹ 55,426 "," ₹ 54,366 "," ₹ 1,060 "
12/29/2024,39921,52193," ₹ 4,176 "," ₹ 9,498 "," ₹ 70,882 "," ₹ 22,973 "," ₹ 47,909 "
12/28/2024,39959,52193," ₹ 3,499 "," ₹ 9,498 "," ₹ 89,436 "," ₹ 57,174 "," ₹ 32,262 "
12/27/2024,79742,52193," ₹ 7,060 "," ₹ 9,498 "," ₹ 50,738 "," ₹ 30,636 "," ₹ 20,102 "
12/26/2024,77823,52193," ₹ 5,261 "," ₹ 9,498 "," ₹ 87,977 "," ₹ 58,652 "," ₹ 29,325 "
12/25/2024,56086,52193," ₹ 3,448 "," ₹ 9,498 "," ₹ 66,543 "," ₹ 36,334 "," ₹ 30,209 "
12/24/2024,46393,52193," ₹ 8,678 "," ₹ 9,498 "," ₹ 82,961 "," ₹ 18,887 "," ₹ 64,074 "
12/23/2024,56337,52193," ₹ 8,353 "," ₹ 9,498 "," ₹ 78,740 "," ₹ 39,774 "," ₹ 38,966 "
12/22/2024,73933,52193," ₹ 3,434 "," ₹ 9,498 "," ₹ 76,050 "," ₹ 38,049 "," ₹ 38,001 "
12/21/2024,65610,52193," ₹ 4,779 "," ₹ 9,498 "," ₹ 25,843 "," ₹ 48,365 "," ₹ -22,522 "
12/20/2024,48042,52193," ₹ 3,789 "," ₹ 9,498 "," ₹ 27,370 "," ₹ 24,612 "," ₹ 2,758 "
12/19/2024,52586,52193," ₹ 6,745 "," ₹ 9,498 "," ₹ 73,985 "," ₹ 35,755 "," ₹ 38,230 "
12/18/2024,32230,52193," ₹ 4,001 "," ₹ 9,498 "," ₹ 45,737 "," ₹ 19,893 "," ₹ 25,844 "
12/17/2024,39946,52193," ₹ 5,412 "," ₹ 9,498 "," ₹ 74,917 "," ₹ 45,147 "," ₹ 29,770 "
12/16/2024,44252,52193," ₹ 4,312 "," ₹ 9,498 "," ₹ 61,979 "," ₹ 22,953 "," ₹ 39,026 "
12/15/2024,78359,52193," ₹ 3,980 "," ₹ 9,498 "," ₹ 59,377 "," ₹ 31,094 "," ₹ 28,283 "
12/14/2024,46222,52193," ₹ 5,060 "," ₹ 9,498 "," ₹ 59,060 "," ₹ 36,235 "," ₹ 22,825 "
12/13/2024,77564,52193," ₹ 7,343 "," ₹ 9,498 "," ₹ 53,883 "," ₹ 27,426 "," ₹ 26,457 "
12/12/2024,40513,52193," ₹ 5,758 "," ₹ 9,498 "," ₹ 39,254 "," ₹ 30,326 "," ₹ 8,928 "
12/11/2024,58602,52193," ₹ 3,456 "," ₹ 9,498 "," ₹ 42,188 "," ₹ 24,733 "," ₹ 17,455 "
12/10/2024,32779,52193," ₹ 4,536 "," ₹ 9,498 "," ₹ 71,924 "," ₹ 57,951 "," ₹ 13,973 "
12/9/2024,26898,52193," ₹ 7,904 "," ₹ 9,498 "," ₹ 80,582 "," ₹ 57,245 "," ₹ 23,337 "
12/8/2024,31972,52193," ₹ 6,268 "," ₹ 9,498 "," ₹ 66,184 "," ₹ 50,958 "," ₹ 15,226 "
12/7/2024,77682,52193," ₹ 7,200 "," ₹ 9,498 "," ₹ 62,655 "," ₹ 56,324 "," ₹ 6,331 "
12/6/2024,49795,52193," ₹ 7,782 "," ₹ 9,498 "," ₹ 68,953 "," ₹ 44,480 "," ₹ 24,473 "
12/5/2024,59110,52193," ₹ 5,315 "," ₹ 9,498 "," ₹ 45,442 "," ₹ 58,091 "," ₹ -12,649 "
12/4/2024,41441,52193," ₹ 7,056 "," ₹ 9,498 "," ₹ 55,602 "," ₹ 53,418 "," ₹ 2,184 "
12/3/2024,24914,52193," ₹ 3,799 "," ₹ 9,498 "," ₹ 33,381 "," ₹ 17,615 "," ₹ 15,766 "
12/2/2024,75375,52193," ₹ 6,498 "," ₹ 9,498 "," ₹ 68,506 "," ₹ 38,791 "," ₹ 29,715 "
12/1/2024,51316,52193," ₹ 8,144 "," ₹ 9,498 "," ₹ 75,816 "," ₹ 37,773 "," ₹ 38,043 "
11/30/2024,59341,52193," ₹ 6,055 "," ₹ 9,498 "," ₹ 49,240 "," ₹ 35,116 "," ₹ 14,124 "
11/29/2024,64547,52193," ₹ 8,479 "," ₹ 9,498 "," ₹ 58,612 "," ₹ 23,078 "," ₹ 35,534 "
11/28/2024,40779,52193," ₹ 7,635 "," ₹ 9,498 "," ₹ 57,189 "," ₹ 34,030 "," ₹ 23,159 "
11/27/2024,42087,52193," ₹ 3,798 "," ₹ 9,498 "," ₹ 63,715 "," ₹ 29,219 "," ₹ 34,496 "
11/26/2024,64261,52193," ₹ 4,263 "," ₹ 9,498 "," ₹ 46,655 "," ₹ 38,064 "," ₹ 8,591 "
11/25/2024,52453,52193," ₹ 6,303 "," ₹ 9,498 "," ₹ 82,368 "," ₹ 26,460 "," ₹ 55,908 "
11/24/2024,57289,52193," ₹ 3,660 "," ₹ 9,498 "," ₹ 69,133 "," ₹ 18,599 "," ₹ 50,534 "
11/23/2024,69096,52193," ₹ 8,805 "," ₹ 9,498 "," ₹ 25,281 "," ₹ 47,784 "," ₹ -22,503 "
11/22/2024,32286,52193," ₹ 3,067 "," ₹ 9,498 "," ₹ 61,852 "," ₹ 54,899 "," ₹ 6,953 "
11/21/2024,55558,52193," ₹ 4,066 "," ₹ 9,498 "," ₹ 82,638 "," ₹ 58,103 "," ₹ 24,535 "
11/20/2024,50009,52193," ₹ 3,652 "," ₹ 9,498 "," ₹ 48,192 "," ₹ 42,924 "," ₹ 5,268 "
11/19/2024,61259,52193," ₹ 4,599 "," ₹ 9,498 "," ₹ 61,756 "," ₹ 55,850 "," ₹ 5,906 "
11/18/2024,60347,52193," ₹ 4,086 "," ₹ 9,498 "," ₹ 61,827 "," ₹ 25,704 "," ₹ 36,123 "
11/17/2024,40804,52193," ₹ 7,889 "," ₹ 9,498 "," ₹ 67,024 "," ₹ 27,207 "," ₹ 39,817 "
11/16/2024,79674,52193," ₹ 6,477 "," ₹ 9,498 "," ₹ 77,134 "," ₹ 15,896 "," ₹ 61,238 "
11/15/2024,69369,52193," ₹ 5,589 "," ₹ 9,498 "," ₹ 81,150 "," ₹ 47,715 "," ₹ 33,435 "
11/14/2024,63400,52193," ₹ 7,618 "," ₹ 9,498 "," ₹ 41,297 "," ₹ 35,780 "," ₹ 5,517 "
11/13/2024,63420,52193," ₹ 4,042 "," ₹ 9,498 "," ₹ 63,393 "," ₹ 15,699 "," ₹ 47,694 "
11/12/2024,51951,52193," ₹ 5,951 "," ₹ 9,498 "," ₹ 74,339 "," ₹ 54,869 "," ₹ 19,470 "
11/11/2024,64840,52193," ₹ 5,942 "," ₹ 9,498 "," ₹ 36,878 "," ₹ 54,032 "," ₹ -17,154 "
11/10/2024,72544,52193," ₹ 3,338 "," ₹ 9,498 "," ₹ 87,758 "," ₹ 57,287 "," ₹ 30,471 "
11/9/2024,77198,52193," ₹ 3,391 "," ₹ 9,498 "," ₹ 75,912 "," ₹ 29,624 "," ₹ 46,288 "
11/8/2024,51821,52193," ₹ 5,987 "," ₹ 9,498 "," ₹ 77,175 "," ₹ 54,913 "," ₹ 22,262 "
11/7/2024,60155,52193," ₹ 7,522 "," ₹ 9,498 "," ₹ 33,022 "," ₹ 34,698 "," ₹ -1,676 "
11/6/2024,58985,52193," ₹ 8,720 "," ₹ 9,498 "," ₹ 58,938 "," ₹ 51,579 "," ₹ 7,359 "
11/5/2024,35428,52193," ₹ 4,060 "," ₹ 9,498 "," ₹ 54,366 "," ₹ 24,637 "," ₹ 29,729 "
11/4/2024,27827,52193," ₹ 3,587 "," ₹ 9,498 "," ₹ 87,509 "," ₹ 33,858 "," ₹ 53,651 "
11/3/2024,54822,52193," ₹ 8,482 "," ₹ 9,498 "," ₹ 32,918 "," ₹ 58,984 "," ₹ -26,066 "
11/2/2024,36505,52193," ₹ 7,066 "," ₹ 9,498 "," ₹ 64,732 "," ₹ 55,545 "," ₹ 9,187 "
11/1/2024,39678,52193," ₹ 6,314 "," ₹ 9,498 "," ₹ 37,726 "," ₹ 52,444 "," ₹ -14,718 "
10/31/2024,24740,52193," ₹ 6,812 "," ₹ 9,498 "," ₹ 63,191 "," ₹ 51,984 "," ₹ 11,207 "
10/30/2024,39916,52193," ₹ 7,736 "," ₹ 9,498 "," ₹ 74,001 "," ₹ 31,450 "," ₹ 42,551 "
10/29/2024,20272,52193," ₹ 7,962 "," ₹ 9,498 "," ₹ 74,611 "," ₹ 49,286 "," ₹ 25,325 "
10/28/2024,79559,52193," ₹ 4,857 "," ₹ 9,498 "," ₹ 87,818 "," ₹ 43,399 "," ₹ 44,419 "
10/27/2024,34119,52193," ₹ 3,013 "," ₹ 9,498 "," ₹ 71,521 "," ₹ 51,245 "," ₹ 20,276 "
10/26/2024,65398,52193," ₹ 6,055 "," ₹ 9,498 "," ₹ 25,114 "," ₹ 46,623 "," ₹ -21,509 "
10/25/2024,23912,52193," ₹ 6,166 "," ₹ 9,498 "," ₹ 72,184 "," ₹ 52,259 "," ₹ 19,925 "
10/24/2024,63564,52193," ₹ 4,609 "," ₹ 9,498 "," ₹ 87,918 "," ₹ 48,409 "," ₹ 39,509 "
10/23/2024,26535,52193," ₹ 5,277 "," ₹ 9,498 "," ₹ 58,077 "," ₹ 30,005 "," ₹ 28,072 "
10/22/2024,38830,52193," ₹ 3,751 "," ₹ 9,498 "," ₹ 54,733 "," ₹ 34,083 "," ₹ 20,650 "
10/21/2024,46043,52193," ₹ 8,034 "," ₹ 9,498 "," ₹ 29,708 "," ₹ 18,648 "," ₹ 11,060 "
10/20/2024,60562,52193," ₹ 4,451 "," ₹ 9,498 "," ₹ 41,147 "," ₹ 31,242 "," ₹ 9,905 "
10/19/2024,78513,52193," ₹ 3,702 "," ₹ 9,498 "," ₹ 30,759 "," ₹ 26,211 "," ₹ 4,548 "
10/18/2024,43990,52193," ₹ 4,514 "," ₹ 9,498 "," ₹ 57,777 "," ₹ 47,501 "," ₹ 10,276 "
10/17/2024,79260,52193," ₹ 3,722 "," ₹ 9,498 "," ₹ 33,420 "," ₹ 25,340 "," ₹ 8,080 "
10/16/2024,57450,52193," ₹ 5,428 "," ₹ 9,498 "," ₹ 34,888 "," ₹ 32,833 "," ₹ 2,055 "
10/15/2024,46939,52193," ₹ 3,558 "," ₹ 9,498 "," ₹ 30,929 "," ₹ 47,110 "," ₹ -16,181 "
10/14/2024,38638,52193," ₹ 5,513 "," ₹ 9,498 "," ₹ 63,001 "," ₹ 53,037 "," ₹ 9,964 "
10/13/2024,25119,52193," ₹ 7,800 "," ₹ 9,498 "," ₹ 47,690 "," ₹ 52,106 "," ₹ -4,416 "
10/12/2024,32908,52193," ₹ 8,238 "," ₹ 9,498 "," ₹ 85,655 "," ₹ 50,608 "," ₹ 35,047 "
10/11/2024,40148,52193," ₹ 5,193 "," ₹ 9,498 "," ₹ 47,139 "," ₹ 45,666 "," ₹ 1,473 "
10/10/2024,75097,52193," ₹ 3,694 "," ₹ 9,498 "," ₹ 70,584 "," ₹ 56,335 "," ₹ 14,249 "
10/9/2024,28905,52193," ₹ 4,801 "," ₹ 9,498 "," ₹ 52,921 "," ₹ 45,699 "," ₹ 7,222 "
10/8/2024,50345,52193," ₹ 6,946 "," ₹ 9,498 "," ₹ 75,561 "," ₹ 58,868 "," ₹ 16,693 "
10/7/2024,60897,52193," ₹ 4,826 "," ₹ 9,498 "," ₹ 52,522 "," ₹ 16,928 "," ₹ 35,594 "
10/6/2024,32792,52193," ₹ 3,309 "," ₹ 9,498 "," ₹ 54,932 "," ₹ 26,462 "," ₹ 28,470 "
10/5/2024,28952,52193," ₹ 5,819 "," ₹ 9,498 "," ₹ 40,103 "," ₹ 33,421 "," ₹ 6,682 "
10/4/2024,57980,52193," ₹ 4,128 "," ₹ 9,498 "," ₹ 29,331 "," ₹ 43,676 "," ₹ -14,345 "
10/3/2024,78911,52193," ₹ 7,624 "," ₹ 9,498 "," ₹ 77,110 "," ₹ 54,463 "," ₹ 22,647 "
10/2/2024,79926,52193," ₹ 8,594 "," ₹ 9,498 "," ₹ 85,574 "," ₹ 38,118 "," ₹ 47,456 "
10/1/2024,28370,52193," ₹ 3,740 "," ₹ 9,498 "," ₹ 71,762 "," ₹ 25,442 "," ₹ 46,320 "
9/30/2024,42731,52193," ₹ 8,731 "," ₹ 9,498 "," ₹ 38,559 "," ₹ 21,172 "," ₹ 17,387 "
9/29/2024,75245,52193," ₹ 7,229 "," ₹ 9,498 "," ₹ 82,427 "," ₹ 55,985 "," ₹ 26,442 "
9/28/2024,69187,52193," ₹ 7,377 "," ₹ 9,498 "," ₹ 75,060 "," ₹ 56,819 "," ₹ 18,241 "
9/27/2024,59242,52193," ₹ 7,962 "," ₹ 9,498 "," ₹ 45,031 "," ₹ 48,840 "," ₹ -3,809 "
9/26/2024,48389,52193," ₹ 7,302 "," ₹ 9,498 "," ₹ 47,715 "," ₹ 54,902 "," ₹ -7,187 "
9/25/2024,38448,52193," ₹ 8,035 "," ₹ 9,498 "," ₹ 39,513 "," ₹ 47,837 "," ₹ -8,324 "
9/24/2024,53030,52193," ₹ 5,416 "," ₹ 9,498 "," ₹ 64,340 "," ₹ 39,339 "," ₹ 25,001 "
9/23/2024,46767,52193," ₹ 5,524 "," ₹ 9,498 "," ₹ 33,034 "," ₹ 50,789 "," ₹ -17,755 "
9/22/2024,59083,52193," ₹ 4,253 "," ₹ 9,498 "," ₹ 64,099 "," ₹ 15,297 "," ₹ 48,802 "
9/21/2024,59628,52193," ₹ 7,791 "," ₹ 9,498 "," ₹ 31,926 "," ₹ 19,948 "," ₹ 11,978 "
9/20/2024,50378,52193," ₹ 5,816 "," ₹ 9,498 "," ₹ 55,475 "," ₹ 32,748 "," ₹ 22,727 "
9/19/2024,72375,52193," ₹ 6,149 "," ₹ 9,498 "," ₹ 39,421 "," ₹ 32,489 "," ₹ 6,932 "
9/18/2024,74207,52193," ₹ 3,612 "," ₹ 9,498 "," ₹ 76,392 "," ₹ 49,235 "," ₹ 27,157 "
9/17/2024,21004,52193," ₹ 3,438 "," ₹ 9,498 "," ₹ 54,989 "," ₹ 30,972 "," ₹ 24,017 "
9/16/2024,57395,52193," ₹ 8,506 "," ₹ 9,498 "," ₹ 30,783 "," ₹ 48,262 "," ₹ -17,479 "
9/15/2024,29894,52193," ₹ 4,814 "," ₹ 9,498 "," ₹ 41,854 "," ₹ 59,704 "," ₹ -17,850 "
9/14/2024,73692,52193," ₹ 6,986 "," ₹ 9,498 "," ₹ 42,544 "," ₹ 45,491 "," ₹ -2,947 "
9/13/2024,47404,52193," ₹ 7,484 "," ₹ 9,498 "," ₹ 52,840 "," ₹ 25,757 "," ₹ 27,083 "
9/12/2024,67994,52193," ₹ 5,199 "," ₹ 9,498 "," ₹ 84,124 "," ₹ 46,244 "," ₹ 37,880 "
9/11/2024,62414,52193," ₹ 7,486 "," ₹ 9,498 "," ₹ 68,899 "," ₹ 29,905 "," ₹ 38,994 "
9/10/2024,38886,52193," ₹ 5,454 "," ₹ 9,498 "," ₹ 67,660 "," ₹ 22,692 "," ₹ 44,968 "
9/9/2024,67860,52193," ₹ 3,690 "," ₹ 9,498 "," ₹ 53,680 "," ₹ 43,378 "," ₹ 10,302 "
9/8/2024,29519,52193," ₹ 6,194 "," ₹ 9,498 "," ₹ 72,854 "," ₹ 21,301 "," ₹ 51,553 "
9/7/2024,22969,52193," ₹ 4,072 "," ₹ 9,498 "," ₹ 67,877 "," ₹ 30,718 "," ₹ 37,159 "
9/6/2024,40900,52193," ₹ 4,273 "," ₹ 9,498 "," ₹ 42,012 "," ₹ 35,469 "," ₹ 6,543 "
9/5/2024,76751,52193," ₹ 6,208 "," ₹ 9,498 "," ₹ 82,096 "," ₹ 44,970 "," ₹ 37,126 "
9/4/2024,42910,52193," ₹ 5,399 "," ₹ 9,498 "," ₹ 38,106 "," ₹ 18,868 "," ₹ 19,238 "
9/3/2024,57359,52193," ₹ 6,481 "," ₹ 9,498 "," ₹ 62,071 "," ₹ 22,433 "," ₹ 39,638 "
9/2/2024,39244,52193," ₹ 4,100 "," ₹ 9,498 "," ₹ 28,747 "," ₹ 21,362 "," ₹ 7,385 "
9/1/2024,35140,52193," ₹ 5,406 "," ₹ 9,498 "," ₹ 33,485 "," ₹ 55,677 "," ₹ -22,192 "
8/31/2024,43966,52193," ₹ 5,789 "," ₹ 9,498 "," ₹ 52,838 "," ₹ 44,030 "," ₹ 8,808 "
8/30/2024,53489,52193," ₹ 8,508 "," ₹ 9,498 "," ₹ 86,428 "," ₹ 34,942 "," ₹ 51,486 "
8/29/2024,74979,52193," ₹ 4,463 "," ₹ 9,498 "," ₹ 38,175 "," ₹ 27,012 "," ₹ 11,163 "
8/28/2024,70158,52193," ₹ 8,103 "," ₹ 9,498 "," ₹ 38,975 "," ₹ 30,980 "," ₹ 7,995 "
8/27/2024,44182,52193," ₹ 5,618 "," ₹ 9,498 "," ₹ 73,197 "," ₹ 50,846 "," ₹ 22,351 "
8/26/2024,67572,52193," ₹ 4,510 "," ₹ 9,498 "," ₹ 36,134 "," ₹ 43,471 "," ₹ -7,337 "
8/25/2024,66967,52193," ₹ 6,330 "," ₹ 9,498 "," ₹ 76,682 "," ₹ 59,205 "," ₹ 17,477 "
8/24/2024,43365,52193," ₹ 4,731 "," ₹ 9,498 "," ₹ 25,427 "," ₹ 57,383 "," ₹ -31,956 "
8/23/2024,38798,52193," ₹ 5,836 "," ₹ 9,498 "," ₹ 54,074 "," ₹ 40,704 "," ₹ 13,370 "
8/22/2024,45655,52193," ₹ 8,543 "," ₹ 9,498 "," ₹ 61,212 "," ₹ 18,566 "," ₹ 42,646 "
8/21/2024,50010,52193," ₹ 5,139 "," ₹ 9,498 "," ₹ 38,603 "," ₹ 39,631 "," ₹ -1,028 "
8/20/2024,57741,52193," ₹ 4,116 "," ₹ 9,498 "," ₹ 86,370 "," ₹ 59,623 "," ₹ 26,747 "
8/19/2024,46998,52193," ₹ 5,054 "," ₹ 9,498 "," ₹ 32,663 "," ₹ 41,986 "," ₹ -9,323 "
8/18/2024,23952,52193," ₹ 3,716 "," ₹ 9,498 "," ₹ 77,349 "," ₹ 36,267 "," ₹ 41,082 "
8/17/2024,38082,52193," ₹ 8,589 "," ₹ 9,498 "," ₹ 52,120 "," ₹ 16,408 "," ₹ 35,712 "
8/16/2024,31455,52193," ₹ 3,090 "," ₹ 9,498 "," ₹ 53,699 "," ₹ 31,902 "," ₹ 21,797 "
8/15/2024,75854,52193," ₹ 6,518 "," ₹ 9,498 "," ₹ 56,952 "," ₹ 52,963 "," ₹ 3,989 "
8/14/2024,37017,52193," ₹ 7,212 "," ₹ 9,498 "," ₹ 32,103 "," ₹ 15,910 "," ₹ 16,193 "
8/13/2024,78893,52193," ₹ 7,725 "," ₹ 9,498 "," ₹ 52,609 "," ₹ 42,820 "," ₹ 9,789 "
8/12/2024,68074,52193," ₹ 3,963 "," ₹ 9,498 "," ₹ 53,583 "," ₹ 17,547 "," ₹ 36,036 "
8/11/2024,43754,52193," ₹ 6,108 "," ₹ 9,498 "," ₹ 44,380 "," ₹ 44,102 ", ₹ 278 
8/10/2024,71772,52193," ₹ 6,242 "," ₹ 9,498 "," ₹ 36,311 "," ₹ 25,798 "," ₹ 10,513 "
8/9/2024,39543,52193," ₹ 7,435 "," ₹ 9,498 "," ₹ 31,167 "," ₹ 53,363 "," ₹ -22,196 "
8/8/2024,24102,52193," ₹ 7,930 "," ₹ 9,498 "," ₹ 69,503 "," ₹ 56,786 "," ₹ 12,717 "
8/7/2024,59614,52193," ₹ 3,586 "," ₹ 9,498 "," ₹ 36,673 "," ₹ 19,600 "," ₹ 17,073 "
8/6/2024,35878,52193," ₹ 8,681 "," ₹ 9,498 "," ₹ 56,458 "," ₹ 38,081 "," ₹ 18,377 "
8/5/2024,74386,52193," ₹ 7,465 "," ₹ 9,498 "," ₹ 72,365 "," ₹ 24,780 "," ₹ 47,585 "
8/4/2024,51036,52193," ₹ 5,280 "," ₹ 9,498 "," ₹ 89,535 "," ₹ 22,018 "," ₹ 67,517 "
8/3/2024,43315,52193," ₹ 7,826 "," ₹ 9,498 "," ₹ 78,407 "," ₹ 45,071 "," ₹ 33,336 "
8/2/2024,40567,52193," ₹ 4,876 "," ₹ 9,498 "," ₹ 63,024 "," ₹ 23,722 "," ₹ 39,302 "
8/1/2024,24246,52193," ₹ 7,281 "," ₹ 9,498 "," ₹ 34,504 "," ₹ 32,125 "," ₹ 2,379 "
7/31/2024,72298,52193," ₹ 6,242 "," ₹ 9,498 "," ₹ 66,197 "," ₹ 31,039 "," ₹ 35,158 "
7/30/2024,57102,52193," ₹ 7,093 "," ₹ 9,498 "," ₹ 53,057 "," ₹ 24,631 "," ₹ 28,426 "
7/29/2024,55055,52193," ₹ 5,124 "," ₹ 9,498 "," ₹ 88,471 "," ₹ 19,847 "," ₹ 68,624 "
7/28/2024,62435,52193," ₹ 5,462 "," ₹ 9,498 "," ₹ 88,186 "," ₹ 57,694 "," ₹ 30,492 "
7/27/2024,78814,52193," ₹ 3,831 "," ₹ 9,498 "," ₹ 52,665 "," ₹ 36,125 "," ₹ 16,540 "
7/26/2024,66596,52193," ₹ 4,456 "," ₹ 9,498 "," ₹ 84,324 "," ₹ 16,257 "," ₹ 68,067 "
7/25/2024,41092,52193," ₹ 4,722 "," ₹ 9,498 "," ₹ 66,374 "," ₹ 54,459 "," ₹ 11,915 "
7/24/2024,74181,52193," ₹ 4,007 "," ₹ 9,498 "," ₹ 40,447 "," ₹ 44,632 "," ₹ -4,185 "
7/23/2024,48515,52193," ₹ 5,855 "," ₹ 9,498 "," ₹ 86,702 "," ₹ 15,361 "," ₹ 71,341 "
7/22/2024,41705,52193," ₹ 4,605 "," ₹ 9,498 "," ₹ 72,298 "," ₹ 31,469 "," ₹ 40,829 "
7/21/2024,41778,52193," ₹ 3,637 "," ₹ 9,498 "," ₹ 59,014 "," ₹ 27,188 "," ₹ 31,826 "
7/20/2024,36128,52193," ₹ 4,341 "," ₹ 9,498 "," ₹ 48,334 "," ₹ 48,763 ", ₹ -429 
7/19/2024,45028,52193," ₹ 4,620 "," ₹ 9,498 "," ₹ 88,042 "," ₹ 25,556 "," ₹ 62,486 "
7/18/2024,25079,52193," ₹ 5,661 "," ₹ 9,498 "," ₹ 89,070 "," ₹ 38,868 "," ₹ 50,202 "
7/17/2024,33938,52193," ₹ 4,604 "," ₹ 9,498 "," ₹ 37,776 "," ₹ 21,326 "," ₹ 16,450 "
7/16/2024,58566,52193," ₹ 7,186 "," ₹ 9,498 "," ₹ 72,081 "," ₹ 42,165 "," ₹ 29,916 "
7/15/2024,56352,52193," ₹ 5,911 "," ₹ 9,498 "," ₹ 66,596 "," ₹ 44,062 "," ₹ 22,534 "
7/14/2024,27527,52193," ₹ 3,070 "," ₹ 9,498 "," ₹ 35,134 "," ₹ 46,759 "," ₹ -11,625 "
7/13/2024,32083,52193," ₹ 4,073 "," ₹ 9,498 "," ₹ 30,601 "," ₹ 22,060 "," ₹ 8,541 "
7/12/2024,36351,52193," ₹ 3,923 "," ₹ 9,498 "," ₹ 45,518 "," ₹ 58,223 "," ₹ -12,705 "
7/11/2024,49773,52193," ₹ 6,913 "," ₹ 9,498 "," ₹ 72,118 "," ₹ 25,839 "," ₹ 46,279 "
7/10/2024,27067,52193," ₹ 3,206 "," ₹ 9,498 "," ₹ 84,987 "," ₹ 47,449 "," ₹ 37,538 "
7/9/2024,73667,52193," ₹ 8,030 "," ₹ 9,498 "," ₹ 50,381 "," ₹ 51,135 ", ₹ -754 
7/8/2024,48661,52193," ₹ 7,150 "," ₹ 9,498 "," ₹ 46,352 "," ₹ 32,997 "," ₹ 13,355 "
7/7/2024,72736,52193," ₹ 4,079 "," ₹ 9,498 "," ₹ 34,372 "," ₹ 53,305 "," ₹ -18,933 "
7/6/2024,20185,52193," ₹ 4,571 "," ₹ 9,498 "," ₹ 78,755 "," ₹ 51,416 "," ₹ 27,339 "
7/5/2024,59107,52193," ₹ 5,532 "," ₹ 9,498 "," ₹ 67,704 "," ₹ 23,526 "," ₹ 44,178 "
7/4/2024,28050,52193," ₹ 3,134 "," ₹ 9,498 "," ₹ 45,890 "," ₹ 43,447 "," ₹ 2,443 "
7/3/2024,35410,52193," ₹ 4,932 "," ₹ 9,498 "," ₹ 87,707 "," ₹ 30,492 "," ₹ 57,215 "
7/2/2024,50422,52193," ₹ 8,393 "," ₹ 9,498 "," ₹ 76,666 "," ₹ 40,109 "," ₹ 36,557 "
7/1/2024,67507,52193," ₹ 7,406 "," ₹ 9,498 "," ₹ 35,582 "," ₹ 24,563 "," ₹ 11,019 "
6/30/2024,76175,52193," ₹ 8,817 "," ₹ 9,498 "," ₹ 38,662 "," ₹ 24,488 "," ₹ 14,174 "
6/29/2024,42876,52193," ₹ 6,931 "," ₹ 9,498 "," ₹ 84,607 "," ₹ 24,484 "," ₹ 60,123 "
6/28/2024,43646,52193," ₹ 7,026 "," ₹ 9,498 "," ₹ 85,651 "," ₹ 19,902 "," ₹ 65,749 "
6/27/2024,48852,52193," ₹ 6,824 "," ₹ 9,498 "," ₹ 50,579 "," ₹ 28,803 "," ₹ 21,776 "
6/26/2024,66739,52193," ₹ 4,249 "," ₹ 9,498 "," ₹ 28,267 "," ₹ 28,863 ", ₹ -596 
6/25/2024,48853,52193," ₹ 4,452 "," ₹ 9,498 "," ₹ 31,514 "," ₹ 31,517 ", ₹ -3 
6/24/2024,30595,52193," ₹ 8,094 "," ₹ 9,498 "," ₹ 60,726 "," ₹ 37,426 "," ₹ 23,300 "
6/23/2024,38038,52193," ₹ 4,194 "," ₹ 9,498 "," ₹ 37,904 "," ₹ 32,799 "," ₹ 5,105 "
6/22/2024,38328,52193," ₹ 6,828 "," ₹ 9,498 "," ₹ 75,632 "," ₹ 56,171 "," ₹ 19,461 "
6/21/2024,67859,52193," ₹ 6,068 "," ₹ 9,498 "," ₹ 77,217 "," ₹ 42,616 "," ₹ 34,601 "
6/20/2024,61798,52193," ₹ 6,670 "," ₹ 9,498 "," ₹ 63,067 "," ₹ 39,621 "," ₹ 23,446 "
6/19/2024,44543,52193," ₹ 8,184 "," ₹ 9,498 "," ₹ 25,436 "," ₹ 19,034 "," ₹ 6,402 "
6/18/2024,35203,52193," ₹ 3,593 "," ₹ 9,498 "," ₹ 28,938 "," ₹ 59,125 "," ₹ -30,187 "
6/17/2024,62378,52193," ₹ 3,825 "," ₹ 9,498 "," ₹ 62,024 "," ₹ 18,381 "," ₹ 43,643 "
6/16/2024,45021,52193," ₹ 4,091 "," ₹ 9,498 "," ₹ 69,402 "," ₹ 24,650 "," ₹ 44,752 "
6/15/2024,67174,52193," ₹ 5,569 "," ₹ 9,498 "," ₹ 50,767 "," ₹ 51,978 "," ₹ -1,211 "
6/14/2024,79942,52193," ₹ 8,800 "," ₹ 9,498 "," ₹ 30,145 "," ₹ 52,306 "," ₹ -22,161 "
6/13/2024,32161,52193," ₹ 8,987 "," ₹ 9,498 "," ₹ 49,991 "," ₹ 43,204 "," ₹ 6,787 "
6/12/2024,74152,52193," ₹ 3,456 "," ₹ 9,498 "," ₹ 77,825 "," ₹ 42,743 "," ₹ 35,082 "
6/11/2024,22996,52193," ₹ 6,083 "," ₹ 9,498 "," ₹ 46,792 "," ₹ 15,072 "," ₹ 31,720 "
6/10/2024,73981,52193," ₹ 4,406 "," ₹ 9,498 "," ₹ 50,000 "," ₹ 33,989 "," ₹ 16,011 "
6/9/2024,40016,52193," ₹ 3,668 "," ₹ 9,498 "," ₹ 55,711 "," ₹ 56,297 ", ₹ -586 
6/8/2024,35721,52193," ₹ 5,092 "," ₹ 9,498 "," ₹ 37,957 "," ₹ 23,667 "," ₹ 14,290 "
6/7/2024,28870,52193," ₹ 5,810 "," ₹ 9,498 "," ₹ 44,836 "," ₹ 36,914 "," ₹ 7,922 "
6/6/2024,70821,52193," ₹ 5,595 "," ₹ 9,498 "," ₹ 70,978 "," ₹ 35,431 "," ₹ 35,547 "
6/5/2024,41773,52193," ₹ 7,397 "," ₹ 9,498 "," ₹ 71,397 "," ₹ 51,692 "," ₹ 19,705 "
6/4/2024,23157,52193," ₹ 8,939 "," ₹ 9,498 "," ₹ 61,285 "," ₹ 28,692 "," ₹ 32,593 "
6/3/2024,33895,52193," ₹ 6,537 "," ₹ 9,498 "," ₹ 46,996 "," ₹ 49,397 "," ₹ -2,401 "
6/2/2024,77854,52193," ₹ 7,150 "," ₹ 9,498 "," ₹ 34,450 "," ₹ 30,578 "," ₹ 3,872 "
6/1/2024,27278,52193," ₹ 3,885 "," ₹ 9,498 "," ₹ 50,196 "," ₹ 48,946 "," ₹ 1,250 "
5/31/2024,27062,52193," ₹ 4,447 "," ₹ 9,498 "," ₹ 31,737 "," ₹ 46,979 "," ₹ -15,242 "
5/30/2024,41330,52193," ₹ 7,616 "," ₹ 9,498 "," ₹ 67,095 "," ₹ 56,327 "," ₹ 10,768 "
5/29/2024,58434,52193," ₹ 6,954 "," ₹ 9,498 "," ₹ 66,433 "," ₹ 15,528 "," ₹ 50,905 "
5/28/2024,73961,52193," ₹ 4,496 "," ₹ 9,498 "," ₹ 53,658 "," ₹ 49,037 "," ₹ 4,621 "
5/27/2024,45435,52193," ₹ 8,900 "," ₹ 9,498 "," ₹ 63,309 "," ₹ 30,380 "," ₹ 32,929 "
5/26/2024,75155,52193," ₹ 3,066 "," ₹ 9,498 "," ₹ 76,691 "," ₹ 42,115 "," ₹ 34,576 "
5/25/2024,40703,52193," ₹ 4,862 "," ₹ 9,498 "," ₹ 55,016 "," ₹ 15,555 "," ₹ 39,461 "
5/24/2024,42086,52193," ₹ 5,650 "," ₹ 9,498 "," ₹ 49,929 "," ₹ 35,360 "," ₹ 14,569 "
5/23/2024,21034,52193," ₹ 6,277 "," ₹ 9,498 "," ₹ 65,344 "," ₹ 39,215 "," ₹ 26,129 "
5/22/2024,67296,52193," ₹ 6,338 "," ₹ 9,498 "," ₹ 72,840 "," ₹ 45,418 "," ₹ 27,422 "
5/21/2024,50001,52193," ₹ 5,440 "," ₹ 9,498 "," ₹ 43,460 "," ₹ 41,423 "," ₹ 2,037 "
5/20/2024,24537,52193," ₹ 8,267 "," ₹ 9,498 "," ₹ 36,476 "," ₹ 17,371 "," ₹ 19,105 "
5/19/2024,37705,52193," ₹ 4,355 "," ₹ 9,498 "," ₹ 84,850 "," ₹ 56,023 "," ₹ 28,827 "
5/18/2024,76038,52193," ₹ 6,146 "," ₹ 9,498 "," ₹ 36,830 "," ₹ 15,540 "," ₹ 21,290 "
5/17/2024,38769,52193," ₹ 7,651 "," ₹ 9,498 "," ₹ 72,383 "," ₹ 24,783 "," ₹ 47,600 "
5/16/2024,41589,52193," ₹ 5,468 "," ₹ 9,498 "," ₹ 78,028 "," ₹ 57,270 "," ₹ 20,758 "
5/15/2024,69451,52193," ₹ 6,162 "," ₹ 9,498 "," ₹ 76,108 "," ₹ 42,968 "," ₹ 33,140 "
5/14/2024,61253,52193," ₹ 5,179 "," ₹ 9,498 "," ₹ 82,678 "," ₹ 44,355 "," ₹ 38,323 "
5/13/2024,64394,52193," ₹ 3,775 "," ₹ 9,498 "," ₹ 82,958 "," ₹ 52,264 "," ₹ 30,694 "
5/12/2024,50641,52193," ₹ 6,629 "," ₹ 9,498 "," ₹ 58,056 "," ₹ 15,686 "," ₹ 42,370 "
5/11/2024,67310,52193," ₹ 3,504 "," ₹ 9,498 "," ₹ 73,860 "," ₹ 51,436 "," ₹ 22,424 "
5/10/2024,73795,52193," ₹ 5,106 "," ₹ 9,498 "," ₹ 84,544 "," ₹ 31,493 "," ₹ 53,051 "
5/9/2024,64328,52193," ₹ 4,054 "," ₹ 9,498 "," ₹ 67,130 "," ₹ 21,227 "," ₹ 45,903 "
5/8/2024,48568,52193," ₹ 4,059 "," ₹ 9,498 "," ₹ 56,426 "," ₹ 43,784 "," ₹ 12,642 "
5/7/2024,44832,52193," ₹ 6,623 "," ₹ 9,498 "," ₹ 41,015 "," ₹ 33,121 "," ₹ 7,894 "
5/6/2024,35251,52193," ₹ 3,914 "," ₹ 9,498 "," ₹ 48,270 "," ₹ 53,533 "," ₹ -5,263 "
5/5/2024,55398,52193," ₹ 3,899 "," ₹ 9,498 "," ₹ 27,056 "," ₹ 31,734 "," ₹ -4,678 "
5/4/2024,47217,52193," ₹ 3,697 "," ₹ 9,498 "," ₹ 78,453 "," ₹ 40,743 "," ₹ 37,710 "
5/3/2024,68298,52193," ₹ 3,127 "," ₹ 9,498 "," ₹ 47,329 "," ₹ 51,767 "," ₹ -4,438 "
5/2/2024,28264,52193," ₹ 5,816 "," ₹ 9,498 "," ₹ 68,939 "," ₹ 18,217 "," ₹ 50,722 "
5/1/2024,48706,52193," ₹ 5,781 "," ₹ 9,498 "," ₹ 39,301 "," ₹ 50,574 "," ₹ -11,273 "
4/30/2024,41409,52193," ₹ 5,620 "," ₹ 9,498 "," ₹ 45,565 "," ₹ 59,851 "," ₹ -14,286 "
4/29/2024,49245,52193," ₹ 3,934 "," ₹ 9,498 "," ₹ 38,330 "," ₹ 16,459 "," ₹ 21,871 "
4/28/2024,36919,52193," ₹ 4,545 "," ₹ 9,498 "," ₹ 48,697 "," ₹ 50,620 "," ₹ -1,923 "
4/27/2024,71985,52193," ₹ 3,963 "," ₹ 9,498 "," ₹ 27,768 "," ₹ 59,176 "," ₹ -31,408 "
4/26/2024,75746,52193," ₹ 5,650 "," ₹ 9,498 "," ₹ 53,049 "," ₹ 28,139 "," ₹ 24,910 "
4/25/2024,66374,52193," ₹ 8,576 "," ₹ 9,498 "," ₹ 54,669 "," ₹ 24,382 "," ₹ 30,287 "
4/24/2024,37120,52193," ₹ 5,256 "," ₹ 9,498 "," ₹ 63,541 "," ₹ 23,373 "," ₹ 40,168 "
4/23/2024,31885,52193," ₹ 7,694 "," ₹ 9,498 "," ₹ 62,937 "," ₹ 58,583 "," ₹ 4,354 "
4/22/2024,37341,52193," ₹ 6,108 "," ₹ 9,498 "," ₹ 26,726 "," ₹ 23,407 "," ₹ 3,319 "
4/21/2024,65379,52193," ₹ 3,889 "," ₹ 9,498 "," ₹ 52,531 "," ₹ 40,895 "," ₹ 11,636 "
4/20/2024,29450,52193," ₹ 4,217 "," ₹ 9,498 "," ₹ 26,438 "," ₹ 39,950 "," ₹ -13,512 "
4/19/2024,43031,52193," ₹ 3,765 "," ₹ 9,498 "," ₹ 87,673 "," ₹ 16,852 "," ₹ 70,821 "
4/18/2024,46505,52193," ₹ 7,888 "," ₹ 9,498 "," ₹ 65,234 "," ₹ 18,587 "," ₹ 46,647 "
4/17/2024,53562,52193," ₹ 5,734 "," ₹ 9,498 "," ₹ 81,583 "," ₹ 24,764 "," ₹ 56,819 "
4/16/2024,72081,52193," ₹ 6,477 "," ₹ 9,498 "," ₹ 73,088 "," ₹ 27,544 "," ₹ 45,544 "
4/15/2024,59116,52193," ₹ 6,606 "," ₹ 9,498 "," ₹ 72,676 "," ₹ 41,778 "," ₹ 30,898 "
4/14/2024,46017,52193," ₹ 4,020 "," ₹ 9,498 "," ₹ 30,318 "," ₹ 39,459 "," ₹ -9,141 "
4/13/2024,60123,52193," ₹ 7,944 "," ₹ 9,498 "," ₹ 59,962 "," ₹ 21,385 "," ₹ 38,577 "
4/12/2024,73344,52193," ₹ 8,993 "," ₹ 9,498 "," ₹ 31,796 "," ₹ 33,488 "," ₹ -1,692 "
4/11/2024,27395,52193," ₹ 7,886 "," ₹ 9,498 "," ₹ 68,214 "," ₹ 47,820 "," ₹ 20,394 "
4/10/2024,38864,52193," ₹ 3,854 "," ₹ 9,498 "," ₹ 57,898 "," ₹ 55,779 "," ₹ 2,119 "
4/9/2024,72922,52193," ₹ 8,248 "," ₹ 9,498 "," ₹ 66,651 "," ₹ 50,382 "," ₹ 16,269 "
4/8/2024,34837,52193," ₹ 3,414 "," ₹ 9,498 "," ₹ 36,227 "," ₹ 28,833 "," ₹ 7,394 "
4/7/2024,69361,52193," ₹ 7,352 "," ₹ 9,498 "," ₹ 56,406 "," ₹ 22,522 "," ₹ 33,884 "
4/6/2024,29382,52193," ₹ 6,802 "," ₹ 9,498 "," ₹ 34,181 "," ₹ 18,163 "," ₹ 16,018 "
4/5/2024,66572,52193," ₹ 8,812 "," ₹ 9,498 "," ₹ 60,676 "," ₹ 18,352 "," ₹ 42,324 "
4/4/2024,42476,52193," ₹ 5,190 "," ₹ 9,498 "," ₹ 37,345 "," ₹ 40,217 "," ₹ -2,872 "
4/3/2024,39771,52193," ₹ 8,127 "," ₹ 9,498 "," ₹ 29,346 "," ₹ 57,757 "," ₹ -28,411 "
4/2/2024,62547,52193," ₹ 6,181 "," ₹ 9,498 "," ₹ 87,722 "," ₹ 43,204 "," ₹ 44,518 "
4/1/2024,55626,52193," ₹ 5,992 "," ₹ 9,498 "," ₹ 76,551 "," ₹ 23,755 "," ₹ 52,796 "
3/31/2024,57517,52193," ₹ 3,230 "," ₹ 9,498 "," ₹ 67,462 "," ₹ 43,432 "," ₹ 24,030 "
3/30/2024,58403,52193," ₹ 8,424 "," ₹ 9,498 "," ₹ 66,882 "," ₹ 18,696 "," ₹ 48,186 "
3/29/2024,61063,41602," ₹ 6,895 "," ₹ 7,975 "," ₹ 51,742 "," ₹ 17,683 "," ₹ 34,059 "
3/28/2024,28501,41602," ₹ 6,961 "," ₹ 7,975 "," ₹ 65,400 "," ₹ 24,219 "," ₹ 41,181 "
3/27/2024,57437,41602," ₹ 4,748 "," ₹ 7,975 "," ₹ 38,779 "," ₹ 53,285 "," ₹ -14,506 "
3/26/2024,70778,41602," ₹ 8,089 "," ₹ 7,975 "," ₹ 63,721 "," ₹ 25,527 "," ₹ 38,194 "
3/25/2024,55949,41602," ₹ 8,297 "," ₹ 7,975 "," ₹ 36,219 "," ₹ 30,715 "," ₹ 5,504 "
3/24/2024,66039,41602," ₹ 4,178 "," ₹ 7,975 "," ₹ 46,212 "," ₹ 42,654 "," ₹ 3,558 "
3/23/2024,71112,41602," ₹ 6,923 "," ₹ 7,975 "," ₹ 39,944 "," ₹ 47,577 "," ₹ -7,633 "
3/22/2024,63372,41602," ₹ 4,639 "," ₹ 7,975 "," ₹ 85,385 "," ₹ 49,149 "," ₹ 36,236 "
3/21/2024,37269,41602," ₹ 6,330 "," ₹ 7,975 "," ₹ 80,763 "," ₹ 51,114 "," ₹ 29,649 "
3/20/2024,77424,41602," ₹ 4,695 "," ₹ 7,975 "," ₹ 50,061 "," ₹ 37,441 "," ₹ 12,620 "
3/19/2024,69983,41602," ₹ 5,494 "," ₹ 7,975 "," ₹ 26,016 "," ₹ 57,376 "," ₹ -31,360 "
3/18/2024,77156,41602," ₹ 4,000 "," ₹ 7,975 "," ₹ 73,564 "," ₹ 43,851 "," ₹ 29,713 "
3/17/2024,38958,41602," ₹ 3,180 "," ₹ 7,975 "," ₹ 30,731 "," ₹ 16,759 "," ₹ 13,972 "
3/16/2024,28908,41602," ₹ 8,237 "," ₹ 7,975 "," ₹ 80,893 "," ₹ 52,508 "," ₹ 28,385 "
3/15/2024,64100,41602," ₹ 4,918 "," ₹ 7,975 "," ₹ 65,311 "," ₹ 56,738 "," ₹ 8,573 "
3/14/2024,78536,41602," ₹ 3,026 "," ₹ 7,975 "," ₹ 79,512 "," ₹ 41,989 "," ₹ 37,523 "
3/13/2024,29686,41602," ₹ 3,033 "," ₹ 7,975 "," ₹ 87,618 "," ₹ 43,176 "," ₹ 44,442 "
3/12/2024,69732,41602," ₹ 4,471 "," ₹ 7,975 "," ₹ 40,908 "," ₹ 29,886 "," ₹ 11,022 "
3/11/2024,67439,41602," ₹ 4,956 "," ₹ 7,975 "," ₹ 46,273 "," ₹ 52,601 "," ₹ -6,328 "
3/10/2024,69891,41602," ₹ 5,188 "," ₹ 7,975 "," ₹ 34,943 "," ₹ 19,441 "," ₹ 15,502 "
3/9/2024,23050,41602," ₹ 5,600 "," ₹ 7,975 "," ₹ 40,302 "," ₹ 54,091 "," ₹ -13,789 "
3/8/2024,51375,41602," ₹ 3,883 "," ₹ 7,975 "," ₹ 37,963 "," ₹ 59,691 "," ₹ -21,728 "
3/7/2024,33544,41602," ₹ 3,821 "," ₹ 7,975 "," ₹ 57,478 "," ₹ 32,690 "," ₹ 24,788 "
3/6/2024,28298,41602," ₹ 7,703 "," ₹ 7,975 "," ₹ 85,580 "," ₹ 24,147 "," ₹ 61,433 "
3/5/2024,55654,41602," ₹ 4,111 "," ₹ 7,975 "," ₹ 79,801 "," ₹ 56,114 "," ₹ 23,687 "
3/4/2024,30190,41602," ₹ 3,985 "," ₹ 7,975 "," ₹ 54,409 "," ₹ 27,930 "," ₹ 26,479 "
3/3/2024,56483,41602," ₹ 3,433 "," ₹ 7,975 "," ₹ 40,226 "," ₹ 40,772 ", ₹ -546 
3/2/2024,32605,41602," ₹ 5,298 "," ₹ 7,975 "," ₹ 50,777 "," ₹ 46,138 "," ₹ 4,639 "
3/1/2024,77722,41602," ₹ 5,106 "," ₹ 7,975 "," ₹ 33,474 "," ₹ 22,959 "," ₹ 10,515 "
2/29/2024,40303,41602," ₹ 7,233 "," ₹ 7,975 "," ₹ 30,994 "," ₹ 54,793 "," ₹ -23,799 "
2/28/2024,70321,41602," ₹ 3,200 "," ₹ 7,975 "," ₹ 59,955 "," ₹ 39,401 "," ₹ 20,554 "
2/27/2024,24387,41602," ₹ 4,004 "," ₹ 7,975 "," ₹ 86,240 "," ₹ 28,590 "," ₹ 57,650 "
2/26/2024,68311,41602," ₹ 4,331 "," ₹ 7,975 "," ₹ 36,778 "," ₹ 18,332 "," ₹ 18,446 "
2/25/2024,76546,41602," ₹ 4,534 "," ₹ 7,975 "," ₹ 70,274 "," ₹ 27,097 "," ₹ 43,177 "
2/24/2024,49698,41602," ₹ 7,143 "," ₹ 7,975 "," ₹ 54,270 "," ₹ 34,051 "," ₹ 20,219 "
2/23/2024,58698,41602," ₹ 3,732 "," ₹ 7,975 "," ₹ 65,624 "," ₹ 41,189 "," ₹ 24,435 "
2/22/2024,60173,41602," ₹ 3,116 "," ₹ 7,975 "," ₹ 34,508 "," ₹ 48,408 "," ₹ -13,900 "
2/21/2024,51658,41602," ₹ 8,989 "," ₹ 7,975 "," ₹ 50,653 "," ₹ 35,589 "," ₹ 15,064 "
2/20/2024,30358,41602," ₹ 3,127 "," ₹ 7,975 "," ₹ 55,048 "," ₹ 24,735 "," ₹ 30,313 "
2/19/2024,59818,41602," ₹ 6,123 "," ₹ 7,975 "," ₹ 50,724 "," ₹ 20,686 "," ₹ 30,038 "
2/18/2024,43280,41602," ₹ 4,467 "," ₹ 7,975 "," ₹ 70,273 "," ₹ 19,659 "," ₹ 50,614 "
2/17/2024,32372,41602," ₹ 3,398 "," ₹ 7,975 "," ₹ 69,926 "," ₹ 21,737 "," ₹ 48,189 "
2/16/2024,46107,41602," ₹ 3,124 "," ₹ 7,975 "," ₹ 41,778 "," ₹ 44,225 "," ₹ -2,447 "
2/15/2024,57024,41602," ₹ 8,734 "," ₹ 7,975 "," ₹ 68,885 "," ₹ 33,557 "," ₹ 35,328 "
2/14/2024,78810,41602," ₹ 3,175 "," ₹ 7,975 "," ₹ 69,944 "," ₹ 18,686 "," ₹ 51,258 "
2/13/2024,34201,41602," ₹ 8,099 "," ₹ 7,975 "," ₹ 46,750 "," ₹ 47,262 ", ₹ -512 
2/12/2024,76467,41602," ₹ 8,791 "," ₹ 7,975 "," ₹ 65,070 "," ₹ 23,869 "," ₹ 41,201 "
2/11/2024,57994,41602," ₹ 5,702 "," ₹ 7,975 "," ₹ 64,994 "," ₹ 41,709 "," ₹ 23,285 "
2/10/2024,35917,41602," ₹ 4,310 "," ₹ 7,975 "," ₹ 87,054 "," ₹ 17,565 "," ₹ 69,489 "
2/9/2024,31073,41602," ₹ 8,375 "," ₹ 7,975 "," ₹ 63,469 "," ₹ 59,572 "," ₹ 3,897 "
2/8/2024,45737,41602," ₹ 3,257 "," ₹ 7,975 "," ₹ 51,606 "," ₹ 54,637 "," ₹ -3,031 "
2/7/2024,31877,41602," ₹ 7,654 "," ₹ 7,975 "," ₹ 47,208 "," ₹ 21,603 "," ₹ 25,605 "
2/6/2024,56295,41602," ₹ 6,001 "," ₹ 7,975 "," ₹ 39,460 "," ₹ 22,649 "," ₹ 16,811 "
2/5/2024,30217,41602," ₹ 8,369 "," ₹ 7,975 "," ₹ 74,988 "," ₹ 59,342 "," ₹ 15,646 "
2/4/2024,49824,41602," ₹ 7,332 "," ₹ 7,975 "," ₹ 65,968 "," ₹ 55,075 "," ₹ 10,893 "
2/3/2024,50932,41602," ₹ 7,670 "," ₹ 7,975 "," ₹ 39,868 "," ₹ 43,414 "," ₹ -3,546 "
2/2/2024,64998,41602," ₹ 3,711 "," ₹ 7,975 "," ₹ 44,628 "," ₹ 24,834 "," ₹ 19,794 "
2/1/2024,32843,41602," ₹ 7,358 "," ₹ 7,975 "," ₹ 66,852 "," ₹ 25,545 "," ₹ 41,307 "
1/31/2024,35997,41602," ₹ 7,202 "," ₹ 7,975 "," ₹ 32,508 "," ₹ 45,610 "," ₹ -13,102 "
1/30/2024,38919,41602," ₹ 6,419 "," ₹ 7,975 "," ₹ 70,083 "," ₹ 27,280 "," ₹ 42,803 "
1/29/2024,78874,41602," ₹ 3,778 "," ₹ 7,975 "," ₹ 61,770 "," ₹ 42,295 "," ₹ 19,475 "
1/28/2024,64683,41602," ₹ 5,783 "," ₹ 7,975 "," ₹ 63,098 "," ₹ 20,056 "," ₹ 43,042 "
1/27/2024,32593,41602," ₹ 4,957 "," ₹ 7,975 "," ₹ 88,829 "," ₹ 49,217 "," ₹ 39,612 "
1/26/2024,28659,41602," ₹ 5,556 "," ₹ 7,975 "," ₹ 34,819 "," ₹ 44,674 "," ₹ -9,855 "
1/25/2024,50011,41602," ₹ 4,447 "," ₹ 7,975 "," ₹ 75,546 "," ₹ 38,481 "," ₹ 37,065 "
1/24/2024,62407,41602," ₹ 8,402 "," ₹ 7,975 "," ₹ 46,574 "," ₹ 40,119 "," ₹ 6,455 "
1/23/2024,79244,41602," ₹ 8,215 "," ₹ 7,975 "," ₹ 29,702 "," ₹ 44,941 "," ₹ -15,239 "
1/22/2024,23472,41602," ₹ 5,622 "," ₹ 7,975 "," ₹ 27,893 "," ₹ 55,343 "," ₹ -27,450 "
1/21/2024,22805,41602," ₹ 6,273 "," ₹ 7,975 "," ₹ 38,035 "," ₹ 44,056 "," ₹ -6,021 "
1/20/2024,63589,41602," ₹ 4,614 "," ₹ 7,975 "," ₹ 27,090 "," ₹ 36,366 "," ₹ -9,276 "
1/19/2024,55510,41602," ₹ 3,990 "," ₹ 7,975 "," ₹ 54,642 "," ₹ 54,725 ", ₹ -83 
1/18/2024,51343,41602," ₹ 5,796 "," ₹ 7,975 "," ₹ 73,780 "," ₹ 56,352 "," ₹ 17,428 "
1/17/2024,64607,41602," ₹ 8,162 "," ₹ 7,975 "," ₹ 83,714 "," ₹ 40,351 "," ₹ 43,363 "
1/16/2024,48106,41602," ₹ 5,207 "," ₹ 7,975 "," ₹ 36,458 "," ₹ 58,822 "," ₹ -22,364 "
1/15/2024,42186,41602," ₹ 3,785 "," ₹ 7,975 "," ₹ 26,650 "," ₹ 33,439 "," ₹ -6,789 "
1/14/2024,60945,41602," ₹ 6,250 "," ₹ 7,975 "," ₹ 35,398 "," ₹ 23,502 "," ₹ 11,896 "
1/13/2024,62856,41602," ₹ 4,212 "," ₹ 7,975 "," ₹ 32,268 "," ₹ 15,139 "," ₹ 17,129 "
1/12/2024,41481,41602," ₹ 5,405 "," ₹ 7,975 "," ₹ 65,919 "," ₹ 39,902 "," ₹ 26,017 "
1/11/2024,34940,41602," ₹ 3,758 "," ₹ 7,975 "," ₹ 35,693 "," ₹ 30,977 "," ₹ 4,716 "
1/10/2024,39516,41602," ₹ 7,917 "," ₹ 7,975 "," ₹ 63,913 "," ₹ 26,994 "," ₹ 36,919 "
1/9/2024,76613,41602," ₹ 8,368 "," ₹ 7,975 "," ₹ 62,836 "," ₹ 32,765 "," ₹ 30,071 "
1/8/2024,24637,41602," ₹ 6,354 "," ₹ 7,975 "," ₹ 80,563 "," ₹ 19,484 "," ₹ 61,079 "
1/7/2024,63077,41602," ₹ 7,883 "," ₹ 7,975 "," ₹ 29,888 "," ₹ 30,163 ", ₹ -275 
1/6/2024,32957,41602," ₹ 8,352 "," ₹ 7,975 "," ₹ 69,675 "," ₹ 44,916 "," ₹ 24,759 "
1/5/2024,42169,41602," ₹ 8,676 "," ₹ 7,975 "," ₹ 58,628 "," ₹ 16,604 "," ₹ 42,024 "
1/4/2024,59760,41602," ₹ 7,156 "," ₹ 7,975 "," ₹ 51,292 "," ₹ 35,539 "," ₹ 15,753 "
1/3/2024,32123,41602," ₹ 6,080 "," ₹ 7,975 "," ₹ 48,022 "," ₹ 28,051 "," ₹ 19,971 "
1/2/2024,28483,41602," ₹ 7,571 "," ₹ 7,975 "," ₹ 48,471 "," ₹ 44,443 "," ₹ 4,028 "
1/1/2024,25735,41602," ₹ 5,906 "," ₹ 7,975 "," ₹ 81,244 "," ₹ 42,443 "," ₹ 38,801 "
12/31/2023,23352,41602," ₹ 3,790 "," ₹ 7,975 "," ₹ 72,439 "," ₹ 20,400 "," ₹ 52,039 "
12/30/2023,59198,41602," ₹ 4,856 "," ₹ 7,975 "," ₹ 63,695 "," ₹ 15,638 "," ₹ 48,057 "
12/29/2023,34805,41602," ₹ 7,544 "," ₹ 7,975 "," ₹ 48,916 "," ₹ 56,209 "," ₹ -7,293 "
12/28/2023,75867,41602," ₹ 3,961 "," ₹ 7,975 "," ₹ 30,636 "," ₹ 18,557 "," ₹ 12,079 "
12/27/2023,49234,41602," ₹ 8,022 "," ₹ 7,975 "," ₹ 74,445 "," ₹ 47,491 "," ₹ 26,954 "
12/26/2023,70172,41602," ₹ 3,081 "," ₹ 7,975 "," ₹ 49,575 "," ₹ 27,137 "," ₹ 22,438 "
12/25/2023,27860,41602," ₹ 3,066 "," ₹ 7,975 "," ₹ 45,932 "," ₹ 42,186 "," ₹ 3,746 "
12/24/2023,54698,41602," ₹ 6,994 "," ₹ 7,975 "," ₹ 66,010 "," ₹ 42,244 "," ₹ 23,766 "
12/23/2023,26954,41602," ₹ 6,003 "," ₹ 7,975 "," ₹ 74,859 "," ₹ 19,768 "," ₹ 55,091 "
12/22/2023,45202,41602," ₹ 7,403 "," ₹ 7,975 "," ₹ 72,039 "," ₹ 39,401 "," ₹ 32,638 "
12/21/2023,50299,41602," ₹ 5,422 "," ₹ 7,975 "," ₹ 47,085 "," ₹ 17,771 "," ₹ 29,314 "
12/20/2023,54104,41602," ₹ 7,785 "," ₹ 7,975 "," ₹ 61,033 "," ₹ 23,225 "," ₹ 37,808 "
12/19/2023,66179,41602," ₹ 4,191 "," ₹ 7,975 "," ₹ 57,418 "," ₹ 33,295 "," ₹ 24,123 "
12/18/2023,54917,41602," ₹ 3,031 "," ₹ 7,975 "," ₹ 28,980 "," ₹ 54,970 "," ₹ -25,990 "
12/17/2023,57512,41602," ₹ 5,583 "," ₹ 7,975 "," ₹ 73,425 "," ₹ 48,052 "," ₹ 25,373 "
12/16/2023,34005,41602," ₹ 3,747 "," ₹ 7,975 "," ₹ 51,419 "," ₹ 33,196 "," ₹ 18,223 "
12/15/2023,33114,41602," ₹ 8,108 "," ₹ 7,975 "," ₹ 64,770 "," ₹ 28,095 "," ₹ 36,675 "
12/14/2023,42766,41602," ₹ 4,987 "," ₹ 7,975 "," ₹ 46,900 "," ₹ 19,927 "," ₹ 26,973 "
12/13/2023,55794,41602," ₹ 5,914 "," ₹ 7,975 "," ₹ 25,824 "," ₹ 50,215 "," ₹ -24,391 "
12/12/2023,56175,41602," ₹ 7,540 "," ₹ 7,975 "," ₹ 48,708 "," ₹ 34,156 "," ₹ 14,552 "
12/11/2023,51540,41602," ₹ 3,604 "," ₹ 7,975 "," ₹ 61,795 "," ₹ 37,747 "," ₹ 24,048 "
12/10/2023,48266,41602," ₹ 5,623 "," ₹ 7,975 "," ₹ 55,039 "," ₹ 57,695 "," ₹ -2,656 "
12/9/2023,73355,41602," ₹ 8,318 "," ₹ 7,975 "," ₹ 64,578 "," ₹ 42,793 "," ₹ 21,785 "
12/8/2023,28800,41602," ₹ 8,952 "," ₹ 7,975 "," ₹ 74,307 "," ₹ 20,122 "," ₹ 54,185 "
12/7/2023,73922,41602," ₹ 8,068 "," ₹ 7,975 "," ₹ 71,695 "," ₹ 26,792 "," ₹ 44,903 "
12/6/2023,27049,41602," ₹ 6,230 "," ₹ 7,975 "," ₹ 81,973 "," ₹ 28,819 "," ₹ 53,154 "
12/5/2023,75462,41602," ₹ 6,299 "," ₹ 7,975 "," ₹ 39,177 "," ₹ 51,769 "," ₹ -12,592 "
12/4/2023,59992,41602," ₹ 4,517 "," ₹ 7,975 "," ₹ 53,554 "," ₹ 22,393 "," ₹ 31,161 "
12/3/2023,43889,41602," ₹ 3,430 "," ₹ 7,975 "," ₹ 48,245 "," ₹ 40,368 "," ₹ 7,877 "
12/2/2023,27182,41602," ₹ 5,433 "," ₹ 7,975 "," ₹ 58,914 "," ₹ 37,905 "," ₹ 21,009 "
12/1/2023,73589,41602," ₹ 8,330 "," ₹ 7,975 "," ₹ 32,648 "," ₹ 57,417 "," ₹ -24,769 "
11/30/2023,43551,41602," ₹ 3,522 "," ₹ 7,975 "," ₹ 80,630 "," ₹ 31,305 "," ₹ 49,325 "
11/29/2023,41132,41602," ₹ 4,169 "," ₹ 7,975 "," ₹ 43,082 "," ₹ 37,325 "," ₹ 5,757 "
11/28/2023,45625,41602," ₹ 8,867 "," ₹ 7,975 "," ₹ 69,979 "," ₹ 53,984 "," ₹ 15,995 "
11/27/2023,25490,41602," ₹ 4,761 "," ₹ 7,975 "," ₹ 45,789 "," ₹ 22,778 "," ₹ 23,011 "
11/26/2023,59008,41602," ₹ 7,981 "," ₹ 7,975 "," ₹ 61,993 "," ₹ 59,463 "," ₹ 2,530 "
11/25/2023,41476,41602," ₹ 3,552 "," ₹ 7,975 "," ₹ 67,358 "," ₹ 22,153 "," ₹ 45,205 "
11/24/2023,73042,41602," ₹ 8,282 "," ₹ 7,975 "," ₹ 40,385 "," ₹ 41,715 "," ₹ -1,330 "
11/23/2023,39084,41602," ₹ 4,381 "," ₹ 7,975 "," ₹ 74,648 "," ₹ 59,011 "," ₹ 15,637 "
11/22/2023,50610,41602," ₹ 7,421 "," ₹ 7,975 "," ₹ 45,198 "," ₹ 46,313 "," ₹ -1,115 "
11/21/2023,67292,41602," ₹ 7,243 "," ₹ 7,975 "," ₹ 51,668 "," ₹ 55,999 "," ₹ -4,331 "
11/20/2023,61873,41602," ₹ 7,918 "," ₹ 7,975 "," ₹ 54,311 "," ₹ 15,255 "," ₹ 39,056 "
11/19/2023,33408,41602," ₹ 6,473 "," ₹ 7,975 "," ₹ 38,148 "," ₹ 18,960 "," ₹ 19,188 "
11/18/2023,73760,41602," ₹ 7,305 "," ₹ 7,975 "," ₹ 39,191 "," ₹ 20,656 "," ₹ 18,535 "
11/17/2023,74951,41602," ₹ 4,502 "," ₹ 7,975 "," ₹ 51,708 "," ₹ 32,670 "," ₹ 19,038 "
11/16/2023,59331,41602," ₹ 3,416 "," ₹ 7,975 "," ₹ 57,497 "," ₹ 51,946 "," ₹ 5,551 "
11/15/2023,70676,41602," ₹ 7,935 "," ₹ 7,975 "," ₹ 57,501 "," ₹ 50,838 "," ₹ 6,663 "
11/14/2023,21706,41602," ₹ 4,699 "," ₹ 7,975 "," ₹ 73,832 "," ₹ 39,989 "," ₹ 33,843 "
11/13/2023,22310,41602," ₹ 6,534 "," ₹ 7,975 "," ₹ 56,430 "," ₹ 50,523 "," ₹ 5,907 "
11/12/2023,56957,41602," ₹ 4,829 "," ₹ 7,975 "," ₹ 86,980 "," ₹ 18,827 "," ₹ 68,153 "
11/11/2023,77150,41602," ₹ 8,828 "," ₹ 7,975 "," ₹ 33,439 "," ₹ 31,152 "," ₹ 2,287 "
11/10/2023,62459,41602," ₹ 6,707 "," ₹ 7,975 "," ₹ 45,358 "," ₹ 27,601 "," ₹ 17,757 "
11/9/2023,66982,41602," ₹ 5,590 "," ₹ 7,975 "," ₹ 38,496 "," ₹ 42,765 "," ₹ -4,269 "
11/8/2023,63551,41602," ₹ 5,348 "," ₹ 7,975 "," ₹ 63,162 "," ₹ 49,747 "," ₹ 13,415 "
11/7/2023,45915,41602," ₹ 3,286 "," ₹ 7,975 "," ₹ 75,892 "," ₹ 43,930 "," ₹ 31,962 "
11/6/2023,71340,41602," ₹ 3,295 "," ₹ 7,975 "," ₹ 41,805 "," ₹ 24,967 "," ₹ 16,838 "
11/5/2023,29900,41602," ₹ 8,022 "," ₹ 7,975 "," ₹ 39,011 "," ₹ 51,167 "," ₹ -12,156 "
11/4/2023,40148,41602," ₹ 7,491 "," ₹ 7,975 "," ₹ 72,263 "," ₹ 42,320 "," ₹ 29,943 "
11/3/2023,72338,41602," ₹ 7,339 "," ₹ 7,975 "," ₹ 71,498 "," ₹ 15,292 "," ₹ 56,206 "
11/2/2023,28329,41602," ₹ 5,108 "," ₹ 7,975 "," ₹ 56,824 "," ₹ 52,396 "," ₹ 4,428 "
11/1/2023,20013,41602," ₹ 3,505 "," ₹ 7,975 "," ₹ 31,421 "," ₹ 35,053 "," ₹ -3,632 "
10/31/2023,66137,41602," ₹ 8,959 "," ₹ 7,975 "," ₹ 43,888 "," ₹ 15,972 "," ₹ 27,916 "
10/30/2023,76399,41602," ₹ 5,494 "," ₹ 7,975 "," ₹ 69,688 "," ₹ 25,502 "," ₹ 44,186 "
10/29/2023,59514,41602," ₹ 5,186 "," ₹ 7,975 "," ₹ 55,238 "," ₹ 36,022 "," ₹ 19,216 "
10/28/2023,48887,41602," ₹ 8,230 "," ₹ 7,975 "," ₹ 49,733 "," ₹ 41,686 "," ₹ 8,047 "
10/27/2023,31177,41602," ₹ 4,754 "," ₹ 7,975 "," ₹ 48,768 "," ₹ 32,174 "," ₹ 16,594 "
10/26/2023,36164,41602," ₹ 4,418 "," ₹ 7,975 "," ₹ 28,807 "," ₹ 53,197 "," ₹ -24,390 "
10/25/2023,54450,41602," ₹ 5,907 "," ₹ 7,975 "," ₹ 69,404 "," ₹ 20,284 "," ₹ 49,120 "
10/24/2023,53602,41602," ₹ 5,123 "," ₹ 7,975 "," ₹ 55,816 "," ₹ 19,229 "," ₹ 36,587 "
10/23/2023,29602,41602," ₹ 5,152 "," ₹ 7,975 "," ₹ 26,699 "," ₹ 35,273 "," ₹ -8,574 "
10/22/2023,43035,41602," ₹ 7,025 "," ₹ 7,975 "," ₹ 50,394 "," ₹ 56,969 "," ₹ -6,575 "
10/21/2023,61561,41602," ₹ 4,178 "," ₹ 7,975 "," ₹ 31,979 "," ₹ 42,124 "," ₹ -10,145 "
10/20/2023,66082,41602," ₹ 7,622 "," ₹ 7,975 "," ₹ 50,560 "," ₹ 56,419 "," ₹ -5,859 "
10/19/2023,42359,41602," ₹ 3,987 "," ₹ 7,975 "," ₹ 72,534 "," ₹ 54,475 "," ₹ 18,059 "
10/18/2023,54657,41602," ₹ 8,023 "," ₹ 7,975 "," ₹ 89,775 "," ₹ 15,172 "," ₹ 74,603 "
10/17/2023,23124,41602," ₹ 4,751 "," ₹ 7,975 "," ₹ 39,942 "," ₹ 49,244 "," ₹ -9,302 "
10/16/2023,25291,41602," ₹ 7,581 "," ₹ 7,975 "," ₹ 63,275 "," ₹ 55,822 "," ₹ 7,453 "
10/15/2023,25624,41602," ₹ 4,363 "," ₹ 7,975 "," ₹ 73,292 "," ₹ 48,401 "," ₹ 24,891 "
10/14/2023,74194,41602," ₹ 6,576 "," ₹ 7,975 "," ₹ 78,055 "," ₹ 39,355 "," ₹ 38,700 "
10/13/2023,51989,41602," ₹ 7,035 "," ₹ 7,975 "," ₹ 42,034 "," ₹ 49,599 "," ₹ -7,565 "
10/12/2023,44367,41602," ₹ 7,854 "," ₹ 7,975 "," ₹ 33,934 "," ₹ 40,109 "," ₹ -6,175 "
10/11/2023,26913,41602," ₹ 3,365 "," ₹ 7,975 "," ₹ 68,756 "," ₹ 25,189 "," ₹ 43,567 "
10/10/2023,74982,41602," ₹ 3,827 "," ₹ 7,975 "," ₹ 35,763 "," ₹ 24,278 "," ₹ 11,485 "
10/9/2023,20459,41602," ₹ 5,482 "," ₹ 7,975 "," ₹ 28,817 "," ₹ 31,853 "," ₹ -3,036 "
10/8/2023,23673,41602," ₹ 5,537 "," ₹ 7,975 "," ₹ 74,321 "," ₹ 52,184 "," ₹ 22,137 "
10/7/2023,34974,41602," ₹ 6,499 "," ₹ 7,975 "," ₹ 33,564 "," ₹ 43,330 "," ₹ -9,766 "
10/6/2023,71150,41602," ₹ 4,251 "," ₹ 7,975 "," ₹ 41,619 "," ₹ 24,422 "," ₹ 17,197 "
10/5/2023,33747,41602," ₹ 6,558 "," ₹ 7,975 "," ₹ 53,344 "," ₹ 18,591 "," ₹ 34,753 "
10/4/2023,53493,41602," ₹ 8,425 "," ₹ 7,975 "," ₹ 64,569 "," ₹ 26,627 "," ₹ 37,942 "
10/3/2023,53744,41602," ₹ 5,658 "," ₹ 7,975 "," ₹ 44,719 "," ₹ 25,397 "," ₹ 19,322 "
10/2/2023,70629,41602," ₹ 5,782 "," ₹ 7,975 "," ₹ 45,618 "," ₹ 46,711 "," ₹ -1,093 "
10/1/2023,25352,41602," ₹ 3,305 "," ₹ 7,975 "," ₹ 25,450 "," ₹ 39,425 "," ₹ -13,975 "
9/30/2023,61432,41602," ₹ 4,132 "," ₹ 7,975 "," ₹ 46,856 "," ₹ 35,618 "," ₹ 11,238 "
9/29/2023,28773,41602," ₹ 5,282 "," ₹ 7,975 "," ₹ 69,736 "," ₹ 42,223 "," ₹ 27,513 "
9/28/2023,28183,41602," ₹ 3,483 "," ₹ 7,975 "," ₹ 59,211 "," ₹ 15,149 "," ₹ 44,062 "
9/27/2023,78743,41602," ₹ 3,422 "," ₹ 7,975 "," ₹ 81,280 "," ₹ 45,625 "," ₹ 35,655 "
9/26/2023,64809,41602," ₹ 5,492 "," ₹ 7,975 "," ₹ 59,268 "," ₹ 23,834 "," ₹ 35,434 "
9/25/2023,63134,41602," ₹ 5,918 "," ₹ 7,975 "," ₹ 34,676 "," ₹ 48,771 "," ₹ -14,095 "
9/24/2023,52950,41602," ₹ 5,567 "," ₹ 7,975 "," ₹ 71,588 "," ₹ 50,741 "," ₹ 20,847 "
9/23/2023,34703,41602," ₹ 8,716 "," ₹ 7,975 "," ₹ 42,706 "," ₹ 25,160 "," ₹ 17,546 "
9/22/2023,24530,41602," ₹ 5,761 "," ₹ 7,975 "," ₹ 36,487 "," ₹ 52,428 "," ₹ -15,941 "
9/21/2023,29738,41602," ₹ 6,002 "," ₹ 7,975 "," ₹ 38,409 "," ₹ 22,151 "," ₹ 16,258 "
9/20/2023,73613,41602," ₹ 3,997 "," ₹ 7,975 "," ₹ 32,297 "," ₹ 56,760 "," ₹ -24,463 "
9/19/2023,27544,41602," ₹ 5,871 "," ₹ 7,975 "," ₹ 64,846 "," ₹ 27,094 "," ₹ 37,752 "
9/18/2023,68169,41602," ₹ 7,201 "," ₹ 7,975 "," ₹ 53,905 "," ₹ 54,782 ", ₹ -877 
9/17/2023,57916,41602," ₹ 3,736 "," ₹ 7,975 "," ₹ 57,289 "," ₹ 18,182 "," ₹ 39,107 "
9/16/2023,73748,41602," ₹ 3,411 "," ₹ 7,975 "," ₹ 80,168 "," ₹ 56,802 "," ₹ 23,366 "
9/15/2023,25171,41602," ₹ 8,395 "," ₹ 7,975 "," ₹ 38,278 "," ₹ 45,084 "," ₹ -6,806 "
9/14/2023,70185,41602," ₹ 3,250 "," ₹ 7,975 "," ₹ 72,160 "," ₹ 48,130 "," ₹ 24,030 "
9/13/2023,49049,41602," ₹ 7,202 "," ₹ 7,975 "," ₹ 66,179 "," ₹ 22,741 "," ₹ 43,438 "
9/12/2023,67002,41602," ₹ 7,893 "," ₹ 7,975 "," ₹ 25,904 "," ₹ 58,804 "," ₹ -32,900 "
9/11/2023,39497,41602," ₹ 5,800 "," ₹ 7,975 "," ₹ 32,503 "," ₹ 52,004 "," ₹ -19,501 "
9/10/2023,29029,41602," ₹ 5,600 "," ₹ 7,975 "," ₹ 30,560 "," ₹ 42,928 "," ₹ -12,368 "
9/9/2023,34058,41602," ₹ 7,557 "," ₹ 7,975 "," ₹ 39,395 "," ₹ 33,593 "," ₹ 5,802 "
9/8/2023,71889,41602," ₹ 7,331 "," ₹ 7,975 "," ₹ 25,265 "," ₹ 26,115 ", ₹ -850 
9/7/2023,44008,41602," ₹ 3,260 "," ₹ 7,975 "," ₹ 39,329 "," ₹ 45,079 "," ₹ -5,750 "
9/6/2023,29887,41602," ₹ 8,606 "," ₹ 7,975 "," ₹ 28,659 "," ₹ 33,203 "," ₹ -4,544 "
9/5/2023,23157,41602," ₹ 7,624 "," ₹ 7,975 "," ₹ 56,367 "," ₹ 18,518 "," ₹ 37,849 "
9/4/2023,29359,41602," ₹ 6,294 "," ₹ 7,975 "," ₹ 84,108 "," ₹ 42,845 "," ₹ 41,263 "
9/3/2023,55320,41602," ₹ 6,764 "," ₹ 7,975 "," ₹ 28,464 "," ₹ 59,747 "," ₹ -31,283 "
9/2/2023,70509,41602," ₹ 7,930 "," ₹ 7,975 "," ₹ 48,841 "," ₹ 18,762 "," ₹ 30,079 "
9/1/2023,50690,41602," ₹ 8,739 "," ₹ 7,975 "," ₹ 78,912 "," ₹ 50,147 "," ₹ 28,765 "
8/31/2023,61799,41602," ₹ 3,130 "," ₹ 7,975 "," ₹ 77,418 "," ₹ 35,415 "," ₹ 42,003 "
8/30/2023,49708,41602," ₹ 8,665 "," ₹ 7,975 "," ₹ 85,532 "," ₹ 55,668 "," ₹ 29,864 "
8/29/2023,41518,41602," ₹ 8,660 "," ₹ 7,975 "," ₹ 62,808 "," ₹ 43,631 "," ₹ 19,177 "
8/28/2023,69449,41602," ₹ 7,892 "," ₹ 7,975 "," ₹ 78,671 "," ₹ 26,578 "," ₹ 52,093 "
8/27/2023,32954,41602," ₹ 7,565 "," ₹ 7,975 "," ₹ 29,907 "," ₹ 32,846 "," ₹ -2,939 "
8/26/2023,75078,41602," ₹ 5,597 "," ₹ 7,975 "," ₹ 36,165 "," ₹ 43,075 "," ₹ -6,910 "
8/25/2023,21510,41602," ₹ 5,187 "," ₹ 7,975 "," ₹ 58,279 "," ₹ 43,586 "," ₹ 14,693 "
8/24/2023,33468,41602," ₹ 7,955 "," ₹ 7,975 "," ₹ 70,238 "," ₹ 54,638 "," ₹ 15,600 "
8/23/2023,22231,41602," ₹ 7,747 "," ₹ 7,975 "," ₹ 30,441 "," ₹ 34,487 "," ₹ -4,046 "
8/22/2023,62396,41602," ₹ 8,051 "," ₹ 7,975 "," ₹ 44,633 "," ₹ 56,907 "," ₹ -12,274 "
8/21/2023,74804,41602," ₹ 4,271 "," ₹ 7,975 "," ₹ 75,721 "," ₹ 58,391 "," ₹ 17,330 "
8/20/2023,29610,41602," ₹ 3,938 "," ₹ 7,975 "," ₹ 39,573 "," ₹ 51,704 "," ₹ -12,131 "
8/19/2023,45866,41602," ₹ 7,261 "," ₹ 7,975 "," ₹ 83,242 "," ₹ 18,489 "," ₹ 64,753 "
8/18/2023,25840,41602," ₹ 4,327 "," ₹ 7,975 "," ₹ 55,452 "," ₹ 32,389 "," ₹ 23,063 "
8/17/2023,33863,41602," ₹ 7,095 "," ₹ 7,975 "," ₹ 74,377 "," ₹ 50,765 "," ₹ 23,612 "
8/16/2023,36862,41602," ₹ 4,513 "," ₹ 7,975 "," ₹ 29,847 "," ₹ 21,365 "," ₹ 8,482 "
8/15/2023,75314,41602," ₹ 3,467 "," ₹ 7,975 "," ₹ 46,226 "," ₹ 34,378 "," ₹ 11,848 "
8/14/2023,20507,41602," ₹ 6,331 "," ₹ 7,975 "," ₹ 44,468 "," ₹ 49,895 "," ₹ -5,427 "
8/13/2023,49419,41602," ₹ 8,265 "," ₹ 7,975 "," ₹ 37,254 "," ₹ 32,194 "," ₹ 5,060 "
8/12/2023,77320,41602," ₹ 4,867 "," ₹ 7,975 "," ₹ 29,011 "," ₹ 22,889 "," ₹ 6,122 "
8/11/2023,77375,41602," ₹ 7,689 "," ₹ 7,975 "," ₹ 42,890 "," ₹ 42,919 ", ₹ -29 
8/10/2023,70718,41602," ₹ 3,165 "," ₹ 7,975 "," ₹ 44,230 "," ₹ 31,407 "," ₹ 12,823 "
8/9/2023,61264,41602," ₹ 3,689 "," ₹ 7,975 "," ₹ 25,143 "," ₹ 37,098 "," ₹ -11,955 "
8/8/2023,26711,41602," ₹ 8,022 "," ₹ 7,975 "," ₹ 47,878 "," ₹ 34,454 "," ₹ 13,424 "
8/7/2023,71792,41602," ₹ 6,270 "," ₹ 7,975 "," ₹ 40,487 "," ₹ 16,690 "," ₹ 23,797 "
8/6/2023,70557,41602," ₹ 8,579 "," ₹ 7,975 "," ₹ 38,759 "," ₹ 19,485 "," ₹ 19,274 "
8/5/2023,61296,41602," ₹ 6,395 "," ₹ 7,975 "," ₹ 50,138 "," ₹ 49,455 ", ₹ 683 
8/4/2023,66756,41602," ₹ 3,173 "," ₹ 7,975 "," ₹ 49,807 "," ₹ 48,559 "," ₹ 1,248 "
8/3/2023,75550,41602," ₹ 4,389 "," ₹ 7,975 "," ₹ 50,517 "," ₹ 44,151 "," ₹ 6,366 "
8/2/2023,33402,41602," ₹ 8,659 "," ₹ 7,975 "," ₹ 58,364 "," ₹ 45,210 "," ₹ 13,154 "
8/1/2023,67751,41602," ₹ 6,183 "," ₹ 7,975 "," ₹ 33,755 "," ₹ 50,272 "," ₹ -16,517 "
7/31/2023,61787,41602," ₹ 4,897 "," ₹ 7,975 "," ₹ 68,689 "," ₹ 22,575 "," ₹ 46,114 "
7/30/2023,38372,41602," ₹ 6,491 "," ₹ 7,975 "," ₹ 48,001 "," ₹ 37,519 "," ₹ 10,482 "
7/29/2023,54500,41602," ₹ 8,893 "," ₹ 7,975 "," ₹ 55,348 "," ₹ 53,231 "," ₹ 2,117 "
7/28/2023,78845,41602," ₹ 3,412 "," ₹ 7,975 "," ₹ 73,577 "," ₹ 26,010 "," ₹ 47,567 "
7/27/2023,51177,41602," ₹ 6,234 "," ₹ 7,975 "," ₹ 61,964 "," ₹ 43,932 "," ₹ 18,032 "
7/26/2023,41029,41602," ₹ 5,837 "," ₹ 7,975 "," ₹ 29,288 "," ₹ 22,934 "," ₹ 6,354 "
7/25/2023,36533,41602," ₹ 4,831 "," ₹ 7,975 "," ₹ 67,209 "," ₹ 17,681 "," ₹ 49,528 "
7/24/2023,28733,41602," ₹ 4,054 "," ₹ 7,975 "," ₹ 89,796 "," ₹ 23,110 "," ₹ 66,686 "
7/23/2023,33412,41602," ₹ 6,696 "," ₹ 7,975 "," ₹ 59,232 "," ₹ 48,519 "," ₹ 10,713 "
7/22/2023,43125,41602," ₹ 4,423 "," ₹ 7,975 "," ₹ 51,250 "," ₹ 49,240 "," ₹ 2,010 "
7/21/2023,48732,41602," ₹ 7,556 "," ₹ 7,975 "," ₹ 46,842 "," ₹ 35,089 "," ₹ 11,753 "
7/20/2023,44951,41602," ₹ 8,144 "," ₹ 7,975 "," ₹ 78,878 "," ₹ 54,785 "," ₹ 24,093 "
7/19/2023,78383,41602," ₹ 5,039 "," ₹ 7,975 "," ₹ 62,067 "," ₹ 36,058 "," ₹ 26,009 "
7/18/2023,78106,41602," ₹ 7,809 "," ₹ 7,975 "," ₹ 32,098 "," ₹ 45,743 "," ₹ -13,645 "
7/17/2023,71261,41602," ₹ 5,000 "," ₹ 7,975 "," ₹ 45,225 "," ₹ 55,558 "," ₹ -10,333 "
7/16/2023,45426,41602," ₹ 6,220 "," ₹ 7,975 "," ₹ 28,832 "," ₹ 20,497 "," ₹ 8,335 "
7/15/2023,30946,41602," ₹ 6,629 "," ₹ 7,975 "," ₹ 62,394 "," ₹ 33,832 "," ₹ 28,562 "
7/14/2023,55179,41602," ₹ 3,785 "," ₹ 7,975 "," ₹ 73,657 "," ₹ 51,012 "," ₹ 22,645 "
7/13/2023,74950,41602," ₹ 8,416 "," ₹ 7,975 "," ₹ 89,477 "," ₹ 54,923 "," ₹ 34,554 "
7/12/2023,50150,41602," ₹ 6,691 "," ₹ 7,975 "," ₹ 77,238 "," ₹ 28,145 "," ₹ 49,093 "
7/11/2023,66964,41602," ₹ 7,571 "," ₹ 7,975 "," ₹ 67,467 "," ₹ 50,016 "," ₹ 17,451 "
7/10/2023,25664,41602," ₹ 4,064 "," ₹ 7,975 "," ₹ 56,050 "," ₹ 20,294 "," ₹ 35,756 "
7/9/2023,63032,41602," ₹ 3,568 "," ₹ 7,975 "," ₹ 64,786 "," ₹ 29,518 "," ₹ 35,268 "
7/8/2023,36571,41602," ₹ 6,175 "," ₹ 7,975 "," ₹ 88,770 "," ₹ 21,055 "," ₹ 67,715 "
7/7/2023,77090,41602," ₹ 3,997 "," ₹ 7,975 "," ₹ 57,632 "," ₹ 52,229 "," ₹ 5,403 "
7/6/2023,33526,41602," ₹ 3,643 "," ₹ 7,975 "," ₹ 52,484 "," ₹ 35,067 "," ₹ 17,417 "
7/5/2023,62961,41602," ₹ 8,907 "," ₹ 7,975 "," ₹ 51,555 "," ₹ 30,185 "," ₹ 21,370 "
7/4/2023,22750,41602," ₹ 5,918 "," ₹ 7,975 "," ₹ 46,394 "," ₹ 28,376 "," ₹ 18,018 "
7/3/2023,57120,41602," ₹ 3,180 "," ₹ 7,975 "," ₹ 54,261 "," ₹ 47,707 "," ₹ 6,554 "
7/2/2023,43749,41602," ₹ 4,626 "," ₹ 7,975 "," ₹ 47,425 "," ₹ 18,014 "," ₹ 29,411 "
7/1/2023,38018,41602," ₹ 4,567 "," ₹ 7,975 "," ₹ 53,063 "," ₹ 27,311 "," ₹ 25,752 "
6/30/2023,58557,41602," ₹ 5,926 "," ₹ 7,975 "," ₹ 84,711 "," ₹ 36,897 "," ₹ 47,814 "
6/29/2023,29517,41602," ₹ 4,964 "," ₹ 7,975 "," ₹ 74,557 "," ₹ 20,917 "," ₹ 53,640 "
6/28/2023,43159,41602," ₹ 7,676 "," ₹ 7,975 "," ₹ 55,263 "," ₹ 26,254 "," ₹ 29,009 "
6/27/2023,29831,41602," ₹ 7,656 "," ₹ 7,975 "," ₹ 41,137 "," ₹ 34,393 "," ₹ 6,744 "
6/26/2023,22047,41602," ₹ 4,732 "," ₹ 7,975 "," ₹ 27,576 "," ₹ 18,133 "," ₹ 9,443 "
6/25/2023,68669,41602," ₹ 7,366 "," ₹ 7,975 "," ₹ 82,746 "," ₹ 56,399 "," ₹ 26,347 "
6/24/2023,56861,41602," ₹ 3,630 "," ₹ 7,975 "," ₹ 26,690 "," ₹ 27,021 ", ₹ -331 
6/23/2023,51826,41602," ₹ 6,194 "," ₹ 7,975 "," ₹ 46,019 "," ₹ 50,788 "," ₹ -4,769 "
6/22/2023,27942,41602," ₹ 3,039 "," ₹ 7,975 "," ₹ 51,448 "," ₹ 36,735 "," ₹ 14,713 "
6/21/2023,77043,41602," ₹ 5,838 "," ₹ 7,975 "," ₹ 26,403 "," ₹ 47,554 "," ₹ -21,151 "
6/20/2023,78408,41602," ₹ 6,459 "," ₹ 7,975 "," ₹ 73,899 "," ₹ 33,538 "," ₹ 40,361 "
6/19/2023,74473,41602," ₹ 6,306 "," ₹ 7,975 "," ₹ 59,796 "," ₹ 15,709 "," ₹ 44,087 "
6/18/2023,54334,41602," ₹ 7,138 "," ₹ 7,975 "," ₹ 79,610 "," ₹ 32,365 "," ₹ 47,245 "
6/17/2023,58988,41602," ₹ 8,058 "," ₹ 7,975 "," ₹ 67,581 "," ₹ 16,379 "," ₹ 51,202 "
6/16/2023,40935,41602," ₹ 4,091 "," ₹ 7,975 "," ₹ 77,546 "," ₹ 20,104 "," ₹ 57,442 "
6/15/2023,26548,41602," ₹ 3,700 "," ₹ 7,975 "," ₹ 84,869 "," ₹ 45,315 "," ₹ 39,554 "
6/14/2023,52190,41602," ₹ 8,774 "," ₹ 7,975 "," ₹ 37,735 "," ₹ 24,147 "," ₹ 13,588 "
6/13/2023,69057,41602," ₹ 8,882 "," ₹ 7,975 "," ₹ 76,505 "," ₹ 58,992 "," ₹ 17,513 "
6/12/2023,42304,41602," ₹ 3,745 "," ₹ 7,975 "," ₹ 45,901 "," ₹ 41,293 "," ₹ 4,608 "
6/11/2023,65770,41602," ₹ 7,313 "," ₹ 7,975 "," ₹ 68,280 "," ₹ 51,242 "," ₹ 17,038 "
6/10/2023,47530,41602," ₹ 8,184 "," ₹ 7,975 "," ₹ 82,434 "," ₹ 34,849 "," ₹ 47,585 "
6/9/2023,23026,41602," ₹ 6,902 "," ₹ 7,975 "," ₹ 87,374 "," ₹ 38,804 "," ₹ 48,570 "
6/8/2023,65344,41602," ₹ 3,504 "," ₹ 7,975 "," ₹ 48,175 "," ₹ 51,748 "," ₹ -3,573 "
6/7/2023,77076,41602," ₹ 6,928 "," ₹ 7,975 "," ₹ 68,745 "," ₹ 34,178 "," ₹ 34,567 "
6/6/2023,54884,41602," ₹ 8,570 "," ₹ 7,975 "," ₹ 51,275 "," ₹ 50,082 "," ₹ 1,193 "
6/5/2023,62354,41602," ₹ 8,877 "," ₹ 7,975 "," ₹ 39,392 "," ₹ 40,465 "," ₹ -1,073 "
6/4/2023,77298,41602," ₹ 4,815 "," ₹ 7,975 "," ₹ 39,780 "," ₹ 26,687 "," ₹ 13,093 "
6/3/2023,65666,41602," ₹ 3,853 "," ₹ 7,975 "," ₹ 88,507 "," ₹ 42,002 "," ₹ 46,505 "
6/2/2023,73013,41602," ₹ 3,599 "," ₹ 7,975 "," ₹ 71,309 "," ₹ 26,243 "," ₹ 45,066 "
6/1/2023,51189,41602," ₹ 3,429 "," ₹ 7,975 "," ₹ 72,555 "," ₹ 16,565 "," ₹ 55,990 "
5/31/2023,60154,41602," ₹ 5,352 "," ₹ 7,975 "," ₹ 81,022 "," ₹ 22,847 "," ₹ 58,175 "
5/30/2023,57073,41602," ₹ 8,506 "," ₹ 7,975 "," ₹ 76,792 "," ₹ 35,283 "," ₹ 41,509 "
5/29/2023,42178,41602," ₹ 8,379 "," ₹ 7,975 "," ₹ 65,466 "," ₹ 48,186 "," ₹ 17,280 "
5/28/2023,37217,41602," ₹ 3,606 "," ₹ 7,975 "," ₹ 30,261 "," ₹ 54,769 "," ₹ -24,508 "
5/27/2023,78344,41602," ₹ 7,808 "," ₹ 7,975 "," ₹ 41,342 "," ₹ 23,904 "," ₹ 17,438 "
5/26/2023,57071,41602," ₹ 8,378 "," ₹ 7,975 "," ₹ 77,706 "," ₹ 27,989 "," ₹ 49,717 "
5/25/2023,45874,41602," ₹ 3,174 "," ₹ 7,975 "," ₹ 31,351 "," ₹ 26,183 "," ₹ 5,168 "
5/24/2023,45794,41602," ₹ 8,322 "," ₹ 7,975 "," ₹ 61,015 "," ₹ 53,365 "," ₹ 7,650 "
5/23/2023,59060,41602," ₹ 6,288 "," ₹ 7,975 "," ₹ 72,412 "," ₹ 59,671 "," ₹ 12,741 "
5/22/2023,38597,41602," ₹ 8,907 "," ₹ 7,975 "," ₹ 31,976 "," ₹ 17,186 "," ₹ 14,790 "
5/21/2023,70148,41602," ₹ 6,014 "," ₹ 7,975 "," ₹ 86,840 "," ₹ 28,342 "," ₹ 58,498 "
5/20/2023,68835,41602," ₹ 7,488 "," ₹ 7,975 "," ₹ 86,751 "," ₹ 52,722 "," ₹ 34,029 "
5/19/2023,69444,41602," ₹ 7,160 "," ₹ 7,975 "," ₹ 29,961 "," ₹ 34,113 "," ₹ -4,152 "
5/18/2023,75966,41602," ₹ 6,419 "," ₹ 7,975 "," ₹ 31,040 "," ₹ 47,106 "," ₹ -16,066 "
5/17/2023,47441,41602," ₹ 5,486 "," ₹ 7,975 "," ₹ 43,510 "," ₹ 37,880 "," ₹ 5,630 "
5/16/2023,26176,41602," ₹ 7,162 "," ₹ 7,975 "," ₹ 63,372 "," ₹ 58,629 "," ₹ 4,743 "
5/15/2023,20941,41602," ₹ 5,992 "," ₹ 7,975 "," ₹ 89,688 "," ₹ 54,998 "," ₹ 34,690 "
5/14/2023,32704,41602," ₹ 3,305 "," ₹ 7,975 "," ₹ 77,177 "," ₹ 45,072 "," ₹ 32,105 "
5/13/2023,58887,41602," ₹ 3,932 "," ₹ 7,975 "," ₹ 45,646 "," ₹ 46,790 "," ₹ -1,144 "
5/12/2023,62100,41602," ₹ 5,116 "," ₹ 7,975 "," ₹ 36,225 "," ₹ 18,694 "," ₹ 17,531 "
5/11/2023,76847,41602," ₹ 8,568 "," ₹ 7,975 "," ₹ 57,264 "," ₹ 21,128 "," ₹ 36,136 "
5/10/2023,78390,41602," ₹ 6,159 "," ₹ 7,975 "," ₹ 33,728 "," ₹ 51,670 "," ₹ -17,942 "
5/9/2023,53757,41602," ₹ 3,761 "," ₹ 7,975 "," ₹ 30,399 "," ₹ 57,845 "," ₹ -27,446 "
5/8/2023,27062,41602," ₹ 8,305 "," ₹ 7,975 "," ₹ 64,788 "," ₹ 15,564 "," ₹ 49,224 "
5/7/2023,50378,41602," ₹ 8,239 "," ₹ 7,975 "," ₹ 62,863 "," ₹ 56,251 "," ₹ 6,612 "
5/6/2023,75028,41602," ₹ 6,447 "," ₹ 7,975 "," ₹ 27,536 "," ₹ 22,189 "," ₹ 5,347 "
5/5/2023,67861,41602," ₹ 5,044 "," ₹ 7,975 "," ₹ 47,977 "," ₹ 56,597 "," ₹ -8,620 "
5/4/2023,23839,41602," ₹ 5,288 "," ₹ 7,975 "," ₹ 78,822 "," ₹ 18,510 "," ₹ 60,312 "
5/3/2023,67248,41602," ₹ 4,463 "," ₹ 7,975 "," ₹ 45,759 "," ₹ 25,486 "," ₹ 20,273 "
5/2/2023,60659,41602," ₹ 7,210 "," ₹ 7,975 "," ₹ 42,628 "," ₹ 21,996 "," ₹ 20,632 "
5/1/2023,41407,41602," ₹ 7,879 "," ₹ 7,975 "," ₹ 77,987 "," ₹ 31,820 "," ₹ 46,167 "
4/30/2023,77389,41602," ₹ 5,866 "," ₹ 7,975 "," ₹ 50,866 "," ₹ 29,290 "," ₹ 21,576 "
4/29/2023,65939,41602," ₹ 6,885 "," ₹ 7,975 "," ₹ 28,012 "," ₹ 53,363 "," ₹ -25,351 "
4/28/2023,63088,41602," ₹ 7,537 "," ₹ 7,975 "," ₹ 27,360 "," ₹ 57,992 "," ₹ -30,632 "
4/27/2023,66794,41602," ₹ 7,714 "," ₹ 7,975 "," ₹ 82,471 "," ₹ 47,839 "," ₹ 34,632 "
4/26/2023,31221,41602," ₹ 8,448 "," ₹ 7,975 "," ₹ 34,762 "," ₹ 17,760 "," ₹ 17,002 "
4/25/2023,22765,41602," ₹ 7,796 "," ₹ 7,975 "," ₹ 35,236 "," ₹ 48,557 "," ₹ -13,321 "
4/24/2023,78730,41602," ₹ 7,864 "," ₹ 7,975 "," ₹ 32,419 "," ₹ 46,356 "," ₹ -13,937 "
4/23/2023,54785,41602," ₹ 3,955 "," ₹ 7,975 "," ₹ 73,793 "," ₹ 32,233 "," ₹ 41,560 "
4/22/2023,32593,41602," ₹ 7,933 "," ₹ 7,975 "," ₹ 67,933 "," ₹ 44,373 "," ₹ 23,560 "
4/21/2023,32308,41602," ₹ 8,632 "," ₹ 7,975 "," ₹ 47,033 "," ₹ 38,687 "," ₹ 8,346 "
4/20/2023,39186,41602," ₹ 3,935 "," ₹ 7,975 "," ₹ 32,976 "," ₹ 15,887 "," ₹ 17,089 "
4/19/2023,68187,41602," ₹ 8,495 "," ₹ 7,975 "," ₹ 59,656 "," ₹ 16,057 "," ₹ 43,599 "
4/18/2023,27060,41602," ₹ 6,459 "," ₹ 7,975 "," ₹ 62,050 "," ₹ 52,050 "," ₹ 10,000 "
4/17/2023,69978,41602," ₹ 7,766 "," ₹ 7,975 "," ₹ 67,770 "," ₹ 57,770 "," ₹ 10,000 "
4/16/2023,25721,41602," ₹ 3,127 "," ₹ 7,975 "," ₹ 29,914 "," ₹ 40,594 "," ₹ -10,680 "
4/15/2023,73027,41602," ₹ 7,113 "," ₹ 7,975 "," ₹ 41,809 "," ₹ 45,253 "," ₹ -3,444 "
4/14/2023,41639,41602," ₹ 5,204 "," ₹ 7,975 "," ₹ 50,142 "," ₹ 15,856 "," ₹ 34,286 "
4/13/2023,21576,41602," ₹ 6,874 "," ₹ 7,975 "," ₹ 44,245 "," ₹ 42,280 "," ₹ 1,965 "
4/12/2023,38264,41602," ₹ 7,991 "," ₹ 7,975 "," ₹ 48,878 "," ₹ 25,001 "," ₹ 23,877 "
4/11/2023,36299,41602," ₹ 6,921 "," ₹ 7,975 "," ₹ 43,375 "," ₹ 34,913 "," ₹ 8,462 "
4/10/2023,54581,41602," ₹ 8,591 "," ₹ 7,975 "," ₹ 26,768 "," ₹ 49,071 "," ₹ -22,303 "
4/9/2023,44922,41602," ₹ 8,004 "," ₹ 7,975 "," ₹ 61,749 "," ₹ 44,235 "," ₹ 17,514 "
4/8/2023,37956,41602," ₹ 8,708 "," ₹ 7,975 "," ₹ 71,907 "," ₹ 27,113 "," ₹ 44,794 "
4/7/2023,46045,41602," ₹ 6,643 "," ₹ 7,975 "," ₹ 71,584 "," ₹ 25,690 "," ₹ 45,894 "
4/6/2023,65495,41602," ₹ 5,464 "," ₹ 7,975 "," ₹ 53,125 "," ₹ 49,309 "," ₹ 3,816 "
4/5/2023,46103,41602," ₹ 3,579 "," ₹ 7,975 "," ₹ 55,036 "," ₹ 29,756 "," ₹ 25,280 "
4/4/2023,37700,41602," ₹ 4,501 "," ₹ 7,975 "," ₹ 71,745 "," ₹ 17,931 "," ₹ 53,814 "
4/3/2023,21957,41602," ₹ 5,268 "," ₹ 7,975 "," ₹ 79,223 "," ₹ 27,589 "," ₹ 51,634 "
4/2/2023,67632,41602," ₹ 4,475 "," ₹ 7,975 "," ₹ 85,576 "," ₹ 25,694 "," ₹ 59,882 "
4/1/2023,46171,41602," ₹ 4,597 "," ₹ 7,975 "," ₹ 64,966 "," ₹ 30,227 "," ₹ 34,739 "
3/31/2023,58450,41602," ₹ 7,943 "," ₹ 7,975 "," ₹ 26,817 "," ₹ 33,571 "," ₹ -6,754 "
3/30/2023,35499,69625," ₹ 8,618 "," ₹ 8,474 "," ₹ 40,058 "," ₹ 48,777 "," ₹ -8,719 "
3/29/2023,61859,69625," ₹ 5,184 "," ₹ 8,474 "," ₹ 30,544 "," ₹ 49,861 "," ₹ -19,317 "
3/28/2023,75645,69625," ₹ 4,349 "," ₹ 8,474 "," ₹ 36,566 "," ₹ 25,900 "," ₹ 10,666 "
3/27/2023,25769,69625," ₹ 5,429 "," ₹ 8,474 "," ₹ 58,874 "," ₹ 54,299 "," ₹ 4,575 "
3/26/2023,45201,69625," ₹ 7,916 "," ₹ 8,474 "," ₹ 39,157 "," ₹ 16,929 "," ₹ 22,228 "
3/25/2023,56685,69625," ₹ 7,902 "," ₹ 8,474 "," ₹ 51,913 "," ₹ 41,048 "," ₹ 10,865 "
3/24/2023,79982,69625," ₹ 6,638 "," ₹ 8,474 "," ₹ 42,175 "," ₹ 32,710 "," ₹ 9,465 "
3/23/2023,34964,69625," ₹ 4,234 "," ₹ 8,474 "," ₹ 45,162 "," ₹ 47,486 "," ₹ -2,324 "
3/22/2023,21246,69625," ₹ 6,221 "," ₹ 8,474 "," ₹ 33,083 "," ₹ 43,212 "," ₹ -10,129 "
3/21/2023,48157,69625," ₹ 6,866 "," ₹ 8,474 "," ₹ 85,955 "," ₹ 40,030 "," ₹ 45,925 "
3/20/2023,58579,69625," ₹ 7,727 "," ₹ 8,474 "," ₹ 72,096 "," ₹ 39,586 "," ₹ 32,510 "
3/19/2023,40573,69625," ₹ 4,384 "," ₹ 8,474 "," ₹ 28,440 "," ₹ 39,217 "," ₹ -10,777 "
3/18/2023,58198,69625," ₹ 4,661 "," ₹ 8,474 "," ₹ 43,638 "," ₹ 22,097 "," ₹ 21,541 "
3/17/2023,63015,69625," ₹ 5,343 "," ₹ 8,474 "," ₹ 75,697 "," ₹ 21,112 "," ₹ 54,585 "
3/16/2023,67324,69625," ₹ 7,273 "," ₹ 8,474 "," ₹ 46,315 "," ₹ 33,618 "," ₹ 12,697 "
3/15/2023,21846,69625," ₹ 3,791 "," ₹ 8,474 "," ₹ 27,700 "," ₹ 31,277 "," ₹ -3,577 "
3/14/2023,26961,69625," ₹ 4,435 "," ₹ 8,474 "," ₹ 43,413 "," ₹ 18,215 "," ₹ 25,198 "
3/13/2023,27972,69625," ₹ 6,959 "," ₹ 8,474 "," ₹ 28,728 "," ₹ 38,510 "," ₹ -9,782 "
3/12/2023,55577,69625," ₹ 6,864 "," ₹ 8,474 "," ₹ 57,246 "," ₹ 20,868 "," ₹ 36,378 "
3/11/2023,29013,69625," ₹ 6,100 "," ₹ 8,474 "," ₹ 70,293 "," ₹ 24,039 "," ₹ 46,254 "
3/10/2023,52324,69625," ₹ 3,318 "," ₹ 8,474 "," ₹ 80,826 "," ₹ 34,089 "," ₹ 46,737 "
3/9/2023,72222,69625," ₹ 5,196 "," ₹ 8,474 "," ₹ 30,905 "," ₹ 20,075 "," ₹ 10,830 "
3/8/2023,35765,69625," ₹ 5,055 "," ₹ 8,474 "," ₹ 37,660 "," ₹ 17,341 "," ₹ 20,319 "
3/7/2023,56482,69625," ₹ 7,949 "," ₹ 8,474 "," ₹ 50,726 "," ₹ 55,713 "," ₹ -4,987 "
3/6/2023,37701,69625," ₹ 3,396 "," ₹ 8,474 "," ₹ 85,755 "," ₹ 22,509 "," ₹ 63,246 "
3/5/2023,26666,69625," ₹ 4,700 "," ₹ 8,474 "," ₹ 44,057 "," ₹ 53,228 "," ₹ -9,171 "
3/4/2023,73692,69625," ₹ 6,729 "," ₹ 8,474 "," ₹ 45,647 "," ₹ 20,442 "," ₹ 25,205 "
3/3/2023,47018,69625," ₹ 6,050 "," ₹ 8,474 "," ₹ 34,885 "," ₹ 34,061 ", ₹ 824 
3/2/2023,34905,69625," ₹ 3,717 "," ₹ 8,474 "," ₹ 48,334 "," ₹ 46,102 "," ₹ 2,232 "
3/1/2023,43433,69625," ₹ 7,715 "," ₹ 8,474 "," ₹ 35,350 "," ₹ 42,035 "," ₹ -6,685 "
2/28/2023,60191,69625," ₹ 6,494 "," ₹ 8,474 "," ₹ 41,577 "," ₹ 19,023 "," ₹ 22,554 "
2/27/2023,23732,69625," ₹ 6,890 "," ₹ 8,474 "," ₹ 61,816 "," ₹ 48,091 "," ₹ 13,725 "
2/26/2023,58891,69625," ₹ 6,286 "," ₹ 8,474 "," ₹ 55,496 "," ₹ 52,477 "," ₹ 3,019 "
2/25/2023,64164,69625," ₹ 3,648 "," ₹ 8,474 "," ₹ 30,669 "," ₹ 35,372 "," ₹ -4,703 "
2/24/2023,36800,69625," ₹ 3,578 "," ₹ 8,474 "," ₹ 77,302 "," ₹ 24,796 "," ₹ 52,506 "
2/23/2023,34759,69625," ₹ 5,540 "," ₹ 8,474 "," ₹ 52,811 "," ₹ 53,433 ", ₹ -622 
2/22/2023,34051,69625," ₹ 4,400 "," ₹ 8,474 "," ₹ 35,912 "," ₹ 50,023 "," ₹ -14,111 "
2/21/2023,68655,69625," ₹ 7,794 "," ₹ 8,474 "," ₹ 83,078 "," ₹ 51,205 "," ₹ 31,873 "
2/20/2023,20209,69625," ₹ 4,166 "," ₹ 8,474 "," ₹ 38,958 "," ₹ 17,863 "," ₹ 21,095 "
2/19/2023,22145,69625," ₹ 5,620 "," ₹ 8,474 "," ₹ 65,795 "," ₹ 56,566 "," ₹ 9,229 "
2/18/2023,73963,69625," ₹ 6,020 "," ₹ 8,474 "," ₹ 85,194 "," ₹ 54,359 "," ₹ 30,835 "
2/17/2023,28924,69625," ₹ 8,423 "," ₹ 8,474 "," ₹ 45,190 "," ₹ 40,579 "," ₹ 4,611 "
2/16/2023,59991,69625," ₹ 6,205 "," ₹ 8,474 "," ₹ 52,407 "," ₹ 40,198 "," ₹ 12,209 "
2/15/2023,67356,69625," ₹ 4,907 "," ₹ 8,474 "," ₹ 43,155 "," ₹ 48,952 "," ₹ -5,797 "
2/14/2023,67039,69625," ₹ 4,517 "," ₹ 8,474 "," ₹ 51,536 "," ₹ 30,326 "," ₹ 21,210 "
2/13/2023,42633,69625," ₹ 5,789 "," ₹ 8,474 "," ₹ 39,672 "," ₹ 36,775 "," ₹ 2,897 "
2/12/2023,32221,69625," ₹ 3,995 "," ₹ 8,474 "," ₹ 77,592 "," ₹ 41,733 "," ₹ 35,859 "
2/11/2023,47265,69625," ₹ 7,269 "," ₹ 8,474 "," ₹ 62,997 "," ₹ 27,033 "," ₹ 35,964 "
2/10/2023,42117,69625," ₹ 4,915 "," ₹ 8,474 "," ₹ 42,876 "," ₹ 27,282 "," ₹ 15,594 "
2/9/2023,41384,69625," ₹ 3,272 "," ₹ 8,474 "," ₹ 30,759 "," ₹ 57,576 "," ₹ -26,817 "
2/8/2023,73305,69625," ₹ 7,366 "," ₹ 8,474 "," ₹ 56,628 "," ₹ 26,026 "," ₹ 30,602 "
2/7/2023,78703,69625," ₹ 5,042 "," ₹ 8,474 "," ₹ 65,092 "," ₹ 50,417 "," ₹ 14,675 "
2/6/2023,34401,69625," ₹ 5,291 "," ₹ 8,474 "," ₹ 43,962 "," ₹ 37,008 "," ₹ 6,954 "
2/5/2023,74697,69625," ₹ 7,146 "," ₹ 8,474 "," ₹ 70,157 "," ₹ 43,210 "," ₹ 26,947 "
2/4/2023,44651,69625," ₹ 7,248 "," ₹ 8,474 "," ₹ 27,925 "," ₹ 18,651 "," ₹ 9,274 "
2/3/2023,57764,69625," ₹ 5,994 "," ₹ 8,474 "," ₹ 60,363 "," ₹ 57,718 "," ₹ 2,645 "
2/2/2023,44958,69625," ₹ 7,408 "," ₹ 8,474 "," ₹ 77,346 "," ₹ 15,853 "," ₹ 61,493 "
2/1/2023,44086,69625," ₹ 5,982 "," ₹ 8,474 "," ₹ 35,345 "," ₹ 47,678 "," ₹ -12,333 "
1/31/2023,66255,69625," ₹ 8,483 "," ₹ 8,474 "," ₹ 36,586 "," ₹ 19,728 "," ₹ 16,858 "
1/30/2023,51190,69625," ₹ 4,970 "," ₹ 8,474 "," ₹ 41,268 "," ₹ 53,991 "," ₹ -12,723 "
1/29/2023,70674,69625," ₹ 8,239 "," ₹ 8,474 "," ₹ 78,322 "," ₹ 42,658 "," ₹ 35,664 "
1/28/2023,33672,69625," ₹ 5,888 "," ₹ 8,474 "," ₹ 34,498 "," ₹ 47,400 "," ₹ -12,902 "
1/27/2023,43705,69625," ₹ 5,344 "," ₹ 8,474 "," ₹ 27,729 "," ₹ 23,876 "," ₹ 3,853 "
1/26/2023,38896,69625," ₹ 6,797 "," ₹ 8,474 "," ₹ 38,195 "," ₹ 47,915 "," ₹ -9,720 "
1/25/2023,54807,69625," ₹ 8,614 "," ₹ 8,474 "," ₹ 67,732 "," ₹ 18,944 "," ₹ 48,788 "
1/24/2023,64598,69625," ₹ 8,098 "," ₹ 8,474 "," ₹ 25,753 "," ₹ 51,483 "," ₹ -25,730 "
1/23/2023,68404,69625," ₹ 7,364 "," ₹ 8,474 "," ₹ 31,524 "," ₹ 16,008 "," ₹ 15,516 "
1/22/2023,62359,69625," ₹ 8,738 "," ₹ 8,474 "," ₹ 26,532 "," ₹ 55,245 "," ₹ -28,713 "
1/21/2023,59943,69625," ₹ 4,100 "," ₹ 8,474 "," ₹ 30,267 "," ₹ 48,986 "," ₹ -18,719 "
1/20/2023,28649,69625," ₹ 3,519 "," ₹ 8,474 "," ₹ 79,218 "," ₹ 35,014 "," ₹ 44,204 "
1/19/2023,61297,69625," ₹ 6,094 "," ₹ 8,474 "," ₹ 55,635 "," ₹ 24,956 "," ₹ 30,679 "
1/18/2023,39258,69625," ₹ 3,318 "," ₹ 8,474 "," ₹ 81,211 "," ₹ 30,695 "," ₹ 50,516 "
1/17/2023,50781,69625," ₹ 7,640 "," ₹ 8,474 "," ₹ 73,322 "," ₹ 46,256 "," ₹ 27,066 "
1/16/2023,66641,69625," ₹ 4,539 "," ₹ 8,474 "," ₹ 47,079 "," ₹ 56,865 "," ₹ -9,786 "
1/15/2023,22268,69625," ₹ 4,987 "," ₹ 8,474 "," ₹ 56,220 "," ₹ 40,163 "," ₹ 16,057 "
1/14/2023,58178,69625," ₹ 6,677 "," ₹ 8,474 "," ₹ 34,773 "," ₹ 20,813 "," ₹ 13,960 "
1/13/2023,33190,69625," ₹ 8,727 "," ₹ 8,474 "," ₹ 52,907 "," ₹ 29,918 "," ₹ 22,989 "
1/12/2023,70359,69625," ₹ 6,567 "," ₹ 8,474 "," ₹ 49,966 "," ₹ 28,656 "," ₹ 21,310 "
1/11/2023,30211,69625," ₹ 7,470 "," ₹ 8,474 "," ₹ 60,100 "," ₹ 48,930 "," ₹ 11,170 "
1/10/2023,53428,69625," ₹ 8,838 "," ₹ 8,474 "," ₹ 88,460 "," ₹ 34,832 "," ₹ 53,628 "
1/9/2023,60165,69625," ₹ 8,434 "," ₹ 8,474 "," ₹ 75,536 "," ₹ 17,562 "," ₹ 57,974 "
1/8/2023,50725,69625," ₹ 6,984 "," ₹ 8,474 "," ₹ 54,443 "," ₹ 23,265 "," ₹ 31,178 "
1/7/2023,56792,69625," ₹ 4,285 "," ₹ 8,474 "," ₹ 34,519 "," ₹ 31,356 "," ₹ 3,163 "
1/6/2023,50944,69625," ₹ 7,096 "," ₹ 8,474 "," ₹ 27,206 "," ₹ 34,930 "," ₹ -7,724 "
1/5/2023,75475,69625," ₹ 6,537 "," ₹ 8,474 "," ₹ 27,288 "," ₹ 45,952 "," ₹ -18,664 "
1/4/2023,74141,69625," ₹ 3,473 "," ₹ 8,474 "," ₹ 58,119 "," ₹ 57,987 ", ₹ 132 
1/3/2023,21345,69625," ₹ 5,309 "," ₹ 8,474 "," ₹ 28,996 "," ₹ 43,306 "," ₹ -14,310 "
1/2/2023,70511,69625," ₹ 7,864 "," ₹ 8,474 "," ₹ 38,856 "," ₹ 31,308 "," ₹ 7,548 "
1/1/2023,27359,69625," ₹ 4,397 "," ₹ 8,474 "," ₹ 76,237 "," ₹ 25,249 "," ₹ 50,988 "
12/31/2022,58049,69625," ₹ 6,202 "," ₹ 8,474 "," ₹ 55,299 "," ₹ 37,077 "," ₹ 18,222 "
12/30/2022,78557,69625," ₹ 8,131 "," ₹ 8,474 "," ₹ 43,684 "," ₹ 32,844 "," ₹ 10,840 "
12/29/2022,46607,69625," ₹ 7,497 "," ₹ 8,474 "," ₹ 32,821 "," ₹ 35,550 "," ₹ -2,729 "
12/28/2022,50757,69625," ₹ 7,042 "," ₹ 8,474 "," ₹ 72,728 "," ₹ 40,942 "," ₹ 31,786 "
12/27/2022,31368,69625," ₹ 8,128 "," ₹ 8,474 "," ₹ 82,012 "," ₹ 44,537 "," ₹ 37,475 "
12/26/2022,51430,69625," ₹ 5,224 "," ₹ 8,474 "," ₹ 79,642 "," ₹ 48,044 "," ₹ 31,598 "
12/25/2022,57051,69625," ₹ 3,144 "," ₹ 8,474 "," ₹ 36,813 "," ₹ 57,712 "," ₹ -20,899 "
12/24/2022,66380,69625," ₹ 8,781 "," ₹ 8,474 "," ₹ 39,473 "," ₹ 19,437 "," ₹ 20,036 "
12/23/2022,70479,69625," ₹ 5,437 "," ₹ 8,474 "," ₹ 39,619 "," ₹ 44,363 "," ₹ -4,744 "
12/22/2022,20062,69625," ₹ 6,448 "," ₹ 8,474 "," ₹ 32,054 "," ₹ 59,380 "," ₹ -27,326 "
12/21/2022,77704,69625," ₹ 3,933 "," ₹ 8,474 "," ₹ 75,081 "," ₹ 41,761 "," ₹ 33,320 "
12/20/2022,76725,69625," ₹ 8,077 "," ₹ 8,474 "," ₹ 26,110 "," ₹ 49,588 "," ₹ -23,478 "
12/19/2022,27066,69625," ₹ 3,497 "," ₹ 8,474 "," ₹ 31,911 "," ₹ 38,469 "," ₹ -6,558 "
12/18/2022,21759,69625," ₹ 4,526 "," ₹ 8,474 "," ₹ 75,023 "," ₹ 39,948 "," ₹ 35,075 "
12/17/2022,76758,69625," ₹ 5,429 "," ₹ 8,474 "," ₹ 59,412 "," ₹ 46,734 "," ₹ 12,678 "
12/16/2022,59254,69625," ₹ 6,259 "," ₹ 8,474 "," ₹ 80,280 "," ₹ 36,843 "," ₹ 43,437 "
12/15/2022,40238,69625," ₹ 3,355 "," ₹ 8,474 "," ₹ 52,453 "," ₹ 16,239 "," ₹ 36,214 "
12/14/2022,49954,69625," ₹ 3,258 "," ₹ 8,474 "," ₹ 58,565 "," ₹ 49,226 "," ₹ 9,339 "
12/13/2022,23587,69625," ₹ 4,695 "," ₹ 8,474 "," ₹ 31,390 "," ₹ 27,329 "," ₹ 4,061 "
12/12/2022,55688,69625," ₹ 3,344 "," ₹ 8,474 "," ₹ 83,594 "," ₹ 20,768 "," ₹ 62,826 "
12/11/2022,50608,69625," ₹ 8,139 "," ₹ 8,474 "," ₹ 85,878 "," ₹ 53,977 "," ₹ 31,901 "
12/10/2022,32975,69625," ₹ 3,488 "," ₹ 8,474 "," ₹ 66,051 "," ₹ 27,379 "," ₹ 38,672 "
12/9/2022,26456,69625," ₹ 7,189 "," ₹ 8,474 "," ₹ 64,124 "," ₹ 54,165 "," ₹ 9,959 "
12/8/2022,24688,69625," ₹ 8,814 "," ₹ 8,474 "," ₹ 83,966 "," ₹ 40,983 "," ₹ 42,983 "
12/7/2022,31225,69625," ₹ 3,214 "," ₹ 8,474 "," ₹ 85,771 "," ₹ 47,352 "," ₹ 38,419 "
12/6/2022,40160,69625," ₹ 3,893 "," ₹ 8,474 "," ₹ 63,192 "," ₹ 30,716 "," ₹ 32,476 "
12/5/2022,43505,69625," ₹ 5,522 "," ₹ 8,474 "," ₹ 58,640 "," ₹ 45,740 "," ₹ 12,900 "
12/4/2022,44786,69625," ₹ 3,933 "," ₹ 8,474 "," ₹ 42,904 "," ₹ 58,336 "," ₹ -15,432 "
12/3/2022,55715,69625," ₹ 6,079 "," ₹ 8,474 "," ₹ 33,779 "," ₹ 28,551 "," ₹ 5,228 "
12/2/2022,20378,69625," ₹ 6,233 "," ₹ 8,474 "," ₹ 82,665 "," ₹ 47,642 "," ₹ 35,023 "
12/1/2022,57022,69625," ₹ 3,801 "," ₹ 8,474 "," ₹ 72,544 "," ₹ 34,666 "," ₹ 37,878 "
11/30/2022,41915,69625," ₹ 6,499 "," ₹ 8,474 "," ₹ 64,779 "," ₹ 21,328 "," ₹ 43,451 "
11/29/2022,56213,69625," ₹ 4,930 "," ₹ 8,474 "," ₹ 89,949 "," ₹ 56,459 "," ₹ 33,490 "
11/28/2022,55689,69625," ₹ 5,921 "," ₹ 8,474 "," ₹ 76,707 "," ₹ 23,348 "," ₹ 53,359 "
11/27/2022,69257,69625," ₹ 4,415 "," ₹ 8,474 "," ₹ 25,332 "," ₹ 45,618 "," ₹ -20,286 "
11/26/2022,36761,69625," ₹ 7,086 "," ₹ 8,474 "," ₹ 74,597 "," ₹ 24,847 "," ₹ 49,750 "
11/25/2022,22616,69625," ₹ 6,807 "," ₹ 8,474 "," ₹ 55,847 "," ₹ 37,197 "," ₹ 18,650 "
11/24/2022,60390,69625," ₹ 8,510 "," ₹ 8,474 "," ₹ 26,387 "," ₹ 23,355 "," ₹ 3,032 "
11/23/2022,60065,69625," ₹ 5,884 "," ₹ 8,474 "," ₹ 28,298 "," ₹ 37,730 "," ₹ -9,432 "
11/22/2022,78368,69625," ₹ 8,309 "," ₹ 8,474 "," ₹ 69,289 "," ₹ 22,981 "," ₹ 46,308 "
11/21/2022,25193,69625," ₹ 8,244 "," ₹ 8,474 "," ₹ 58,731 "," ₹ 50,696 "," ₹ 8,035 "
11/20/2022,71944,69625," ₹ 3,269 "," ₹ 8,474 "," ₹ 81,150 "," ₹ 21,391 "," ₹ 59,759 "
11/19/2022,60548,69625," ₹ 4,345 "," ₹ 8,474 "," ₹ 58,165 "," ₹ 30,999 "," ₹ 27,166 "
11/18/2022,57567,69625," ₹ 7,750 "," ₹ 8,474 "," ₹ 44,854 "," ₹ 35,249 "," ₹ 9,605 "
11/17/2022,49505,69625," ₹ 3,752 "," ₹ 8,474 "," ₹ 25,357 "," ₹ 39,740 "," ₹ -14,383 "
11/16/2022,38870,69625," ₹ 4,211 "," ₹ 8,474 "," ₹ 47,858 "," ₹ 37,543 "," ₹ 10,315 "
11/15/2022,63214,69625," ₹ 7,217 "," ₹ 8,474 "," ₹ 70,167 "," ₹ 28,898 "," ₹ 41,269 "
11/14/2022,38664,69625," ₹ 5,935 "," ₹ 8,474 "," ₹ 36,153 "," ₹ 20,018 "," ₹ 16,135 "
11/13/2022,63898,69625," ₹ 8,641 "," ₹ 8,474 "," ₹ 74,981 "," ₹ 27,169 "," ₹ 47,812 "
11/12/2022,37315,69625," ₹ 7,829 "," ₹ 8,474 "," ₹ 72,595 "," ₹ 27,510 "," ₹ 45,085 "
11/11/2022,50351,69625," ₹ 8,192 "," ₹ 8,474 "," ₹ 86,300 "," ₹ 53,005 "," ₹ 33,295 "
11/10/2022,33972,69625," ₹ 3,364 "," ₹ 8,474 "," ₹ 89,771 "," ₹ 58,697 "," ₹ 31,074 "
11/9/2022,26240,69625," ₹ 7,741 "," ₹ 8,474 "," ₹ 58,291 "," ₹ 30,435 "," ₹ 27,856 "
11/8/2022,21820,69625," ₹ 6,948 "," ₹ 8,474 "," ₹ 68,475 "," ₹ 59,070 "," ₹ 9,405 "
11/7/2022,31117,69625," ₹ 3,844 "," ₹ 8,474 "," ₹ 32,310 "," ₹ 57,048 "," ₹ -24,738 "
11/6/2022,45788,69625," ₹ 7,266 "," ₹ 8,474 "," ₹ 61,660 "," ₹ 58,492 "," ₹ 3,168 "
11/5/2022,48103,69625," ₹ 4,093 "," ₹ 8,474 "," ₹ 48,094 "," ₹ 20,725 "," ₹ 27,369 "
11/4/2022,64002,69625," ₹ 4,319 "," ₹ 8,474 "," ₹ 52,469 "," ₹ 57,930 "," ₹ -5,461 "
11/3/2022,45891,69625," ₹ 4,278 "," ₹ 8,474 "," ₹ 25,660 "," ₹ 59,294 "," ₹ -33,634 "
11/2/2022,71716,69625," ₹ 8,651 "," ₹ 8,474 "," ₹ 54,855 "," ₹ 47,688 "," ₹ 7,167 "
11/1/2022,25015,69625," ₹ 3,381 "," ₹ 8,474 "," ₹ 89,216 "," ₹ 16,237 "," ₹ 72,979 "
10/31/2022,20204,69625," ₹ 8,032 "," ₹ 8,474 "," ₹ 57,215 "," ₹ 17,803 "," ₹ 39,412 "
10/30/2022,28445,69625," ₹ 7,301 "," ₹ 8,474 "," ₹ 60,657 "," ₹ 27,166 "," ₹ 33,491 "
10/29/2022,69811,69625," ₹ 3,446 "," ₹ 8,474 "," ₹ 49,293 "," ₹ 15,792 "," ₹ 33,501 "
10/28/2022,38572,69625," ₹ 8,255 "," ₹ 8,474 "," ₹ 50,906 "," ₹ 25,313 "," ₹ 25,593 "
10/27/2022,70117,69625," ₹ 3,531 "," ₹ 8,474 "," ₹ 29,326 "," ₹ 18,146 "," ₹ 11,180 "
10/26/2022,71008,69625," ₹ 5,263 "," ₹ 8,474 "," ₹ 47,748 "," ₹ 50,186 "," ₹ -2,438 "
10/25/2022,30253,69625," ₹ 6,362 "," ₹ 8,474 "," ₹ 69,845 "," ₹ 53,415 "," ₹ 16,430 "
10/24/2022,27791,69625," ₹ 8,725 "," ₹ 8,474 "," ₹ 48,592 "," ₹ 17,304 "," ₹ 31,288 "
10/23/2022,33790,69625," ₹ 7,958 "," ₹ 8,474 "," ₹ 30,844 "," ₹ 23,101 "," ₹ 7,743 "
10/22/2022,79459,69625," ₹ 7,605 "," ₹ 8,474 "," ₹ 31,946 "," ₹ 44,501 "," ₹ -12,555 "
10/21/2022,72858,69625," ₹ 5,864 "," ₹ 8,474 "," ₹ 40,263 "," ₹ 21,323 "," ₹ 18,940 "
10/20/2022,67045,69625," ₹ 7,394 "," ₹ 8,474 "," ₹ 56,966 "," ₹ 17,912 "," ₹ 39,054 "
10/19/2022,73468,69625," ₹ 8,231 "," ₹ 8,474 "," ₹ 76,664 "," ₹ 16,288 "," ₹ 60,376 "
10/18/2022,37483,69625," ₹ 8,298 "," ₹ 8,474 "," ₹ 37,865 "," ₹ 47,387 "," ₹ -9,522 "
10/17/2022,31717,69625," ₹ 8,872 "," ₹ 8,474 "," ₹ 44,091 "," ₹ 21,536 "," ₹ 22,555 "
10/16/2022,46332,69625," ₹ 6,218 "," ₹ 8,474 "," ₹ 50,124 "," ₹ 59,739 "," ₹ -9,615 "
10/15/2022,49461,69625," ₹ 7,203 "," ₹ 8,474 "," ₹ 73,035 "," ₹ 35,943 "," ₹ 37,092 "
10/14/2022,23561,69625," ₹ 4,293 "," ₹ 8,474 "," ₹ 77,240 "," ₹ 49,092 "," ₹ 28,148 "
10/13/2022,42875,69625," ₹ 5,351 "," ₹ 8,474 "," ₹ 71,339 "," ₹ 26,491 "," ₹ 44,848 "
10/12/2022,57677,69625," ₹ 6,549 "," ₹ 8,474 "," ₹ 67,561 "," ₹ 24,953 "," ₹ 42,608 "
10/11/2022,47930,69625," ₹ 8,724 "," ₹ 8,474 "," ₹ 64,558 "," ₹ 32,104 "," ₹ 32,454 "
10/10/2022,20052,69625," ₹ 7,282 "," ₹ 8,474 "," ₹ 55,617 "," ₹ 33,744 "," ₹ 21,873 "
10/9/2022,65660,69625," ₹ 6,237 "," ₹ 8,474 "," ₹ 65,856 "," ₹ 42,787 "," ₹ 23,069 "
10/8/2022,55948,69625," ₹ 8,546 "," ₹ 8,474 "," ₹ 57,025 "," ₹ 51,293 "," ₹ 5,732 "
10/7/2022,69710,69625," ₹ 7,109 "," ₹ 8,474 "," ₹ 75,657 "," ₹ 15,874 "," ₹ 59,783 "
10/6/2022,38577,69625," ₹ 4,536 "," ₹ 8,474 "," ₹ 81,726 "," ₹ 19,114 "," ₹ 62,612 "
10/5/2022,31693,69625," ₹ 4,411 "," ₹ 8,474 "," ₹ 79,207 "," ₹ 58,854 "," ₹ 20,353 "
10/4/2022,30327,69625," ₹ 6,854 "," ₹ 8,474 "," ₹ 59,955 "," ₹ 55,627 "," ₹ 4,328 "
10/3/2022,51208,69625," ₹ 5,793 "," ₹ 8,474 "," ₹ 53,052 "," ₹ 58,324 "," ₹ -5,272 "
10/2/2022,41412,69625," ₹ 4,298 "," ₹ 8,474 "," ₹ 62,054 "," ₹ 25,869 "," ₹ 36,185 "
10/1/2022,75844,69625," ₹ 4,213 "," ₹ 8,474 "," ₹ 86,693 "," ₹ 42,690 "," ₹ 44,003 "
9/30/2022,29800,69625," ₹ 4,877 "," ₹ 8,474 "," ₹ 52,189 "," ₹ 24,672 "," ₹ 27,517 "
9/29/2022,30489,69625," ₹ 4,974 "," ₹ 8,474 "," ₹ 35,269 "," ₹ 52,087 "," ₹ -16,818 "
9/28/2022,79079,69625," ₹ 8,445 "," ₹ 8,474 "," ₹ 81,811 "," ₹ 40,508 "," ₹ 41,303 "
9/27/2022,66605,69625," ₹ 4,426 "," ₹ 8,474 "," ₹ 48,873 "," ₹ 28,444 "," ₹ 20,429 "
9/26/2022,53918,69625," ₹ 8,165 "," ₹ 8,474 "," ₹ 44,230 "," ₹ 57,277 "," ₹ -13,047 "
9/25/2022,38938,69625," ₹ 7,829 "," ₹ 8,474 "," ₹ 26,854 "," ₹ 30,600 "," ₹ -3,746 "
9/24/2022,28930,69625," ₹ 5,313 "," ₹ 8,474 "," ₹ 78,137 "," ₹ 36,667 "," ₹ 41,470 "
9/23/2022,55994,69625," ₹ 7,955 "," ₹ 8,474 "," ₹ 29,115 "," ₹ 34,415 "," ₹ -5,300 "
9/22/2022,34641,69625," ₹ 6,430 "," ₹ 8,474 "," ₹ 71,565 "," ₹ 23,892 "," ₹ 47,673 "
9/21/2022,44208,69625," ₹ 7,112 "," ₹ 8,474 "," ₹ 69,592 "," ₹ 43,308 "," ₹ 26,284 "
9/20/2022,21693,69625," ₹ 3,563 "," ₹ 8,474 "," ₹ 37,239 "," ₹ 41,364 "," ₹ -4,125 "
9/19/2022,38547,69625," ₹ 4,649 "," ₹ 8,474 "," ₹ 59,248 "," ₹ 17,221 "," ₹ 42,027 "
9/18/2022,27225,69625," ₹ 6,945 "," ₹ 8,474 "," ₹ 43,836 "," ₹ 44,116 ", ₹ -280 
9/17/2022,70780,69625," ₹ 3,067 "," ₹ 8,474 "," ₹ 40,111 "," ₹ 21,405 "," ₹ 18,706 "
9/16/2022,52115,69625," ₹ 5,237 "," ₹ 8,474 "," ₹ 58,195 "," ₹ 16,328 "," ₹ 41,867 "
9/15/2022,21186,69625," ₹ 3,500 "," ₹ 8,474 "," ₹ 42,768 "," ₹ 36,198 "," ₹ 6,570 "
9/14/2022,50248,69625," ₹ 4,439 "," ₹ 8,474 "," ₹ 63,219 "," ₹ 41,809 "," ₹ 21,410 "
9/13/2022,58239,69625," ₹ 8,265 "," ₹ 8,474 "," ₹ 47,381 "," ₹ 33,634 "," ₹ 13,747 "
9/12/2022,22449,69625," ₹ 6,748 "," ₹ 8,474 "," ₹ 65,525 "," ₹ 40,603 "," ₹ 24,922 "
9/11/2022,42569,69625," ₹ 6,151 "," ₹ 8,474 "," ₹ 27,037 "," ₹ 18,758 "," ₹ 8,279 "
9/10/2022,68879,69625," ₹ 7,041 "," ₹ 8,474 "," ₹ 52,966 "," ₹ 22,519 "," ₹ 30,447 "
9/9/2022,41014,69625," ₹ 4,523 "," ₹ 8,474 "," ₹ 34,794 "," ₹ 18,122 "," ₹ 16,672 "
9/8/2022,76871,69625," ₹ 3,453 "," ₹ 8,474 "," ₹ 59,342 "," ₹ 43,468 "," ₹ 15,874 "
9/7/2022,27697,69625," ₹ 7,620 "," ₹ 8,474 "," ₹ 42,000 "," ₹ 40,578 "," ₹ 1,422 "
9/6/2022,46290,69625," ₹ 8,569 "," ₹ 8,474 "," ₹ 60,421 "," ₹ 41,830 "," ₹ 18,591 "
9/5/2022,79303,69625," ₹ 5,437 "," ₹ 8,474 "," ₹ 26,645 "," ₹ 35,667 "," ₹ -9,022 "
9/4/2022,69499,69625," ₹ 3,998 "," ₹ 8,474 "," ₹ 49,811 "," ₹ 32,508 "," ₹ 17,303 "
9/3/2022,48973,69625," ₹ 4,701 "," ₹ 8,474 "," ₹ 87,717 "," ₹ 26,121 "," ₹ 61,596 "
9/2/2022,46022,69625," ₹ 7,263 "," ₹ 8,474 "," ₹ 66,726 "," ₹ 50,602 "," ₹ 16,124 "
9/1/2022,24117,69625," ₹ 6,853 "," ₹ 8,474 "," ₹ 76,387 "," ₹ 37,405 "," ₹ 38,982 "
8/31/2022,76868,69625," ₹ 3,696 "," ₹ 8,474 "," ₹ 77,404 "," ₹ 29,125 "," ₹ 48,279 "
8/30/2022,72915,69625," ₹ 5,759 "," ₹ 8,474 "," ₹ 78,023 "," ₹ 29,060 "," ₹ 48,963 "
8/29/2022,78062,69625," ₹ 8,872 "," ₹ 8,474 "," ₹ 50,711 "," ₹ 31,771 "," ₹ 18,940 "
8/28/2022,39611,69625," ₹ 6,147 "," ₹ 8,474 "," ₹ 76,208 "," ₹ 44,806 "," ₹ 31,402 "
8/27/2022,43137,69625," ₹ 3,047 "," ₹ 8,474 "," ₹ 67,178 "," ₹ 27,581 "," ₹ 39,597 "
8/26/2022,63854,69625," ₹ 5,117 "," ₹ 8,474 "," ₹ 53,089 "," ₹ 16,402 "," ₹ 36,687 "
8/25/2022,23277,69625," ₹ 6,500 "," ₹ 8,474 "," ₹ 70,244 "," ₹ 54,003 "," ₹ 16,241 "
8/24/2022,32435,69625," ₹ 4,234 "," ₹ 8,474 "," ₹ 78,238 "," ₹ 53,487 "," ₹ 24,751 "
8/23/2022,76896,69625," ₹ 7,561 "," ₹ 8,474 "," ₹ 41,300 "," ₹ 48,239 "," ₹ -6,939 "
8/22/2022,24928,69625," ₹ 5,243 "," ₹ 8,474 "," ₹ 65,711 "," ₹ 33,677 "," ₹ 32,034 "
8/21/2022,40888,69625," ₹ 3,416 "," ₹ 8,474 "," ₹ 47,702 "," ₹ 57,466 "," ₹ -9,764 "
8/20/2022,24793,69625," ₹ 7,110 "," ₹ 8,474 "," ₹ 28,408 "," ₹ 25,266 "," ₹ 3,142 "
8/19/2022,79339,69625," ₹ 7,340 "," ₹ 8,474 "," ₹ 58,922 "," ₹ 47,507 "," ₹ 11,415 "
8/18/2022,37059,69625," ₹ 3,939 "," ₹ 8,474 "," ₹ 79,452 "," ₹ 19,674 "," ₹ 59,778 "
8/17/2022,37329,69625," ₹ 3,845 "," ₹ 8,474 "," ₹ 31,570 "," ₹ 39,265 "," ₹ -7,695 "
8/16/2022,69160,69625," ₹ 8,331 "," ₹ 8,474 "," ₹ 65,998 "," ₹ 37,341 "," ₹ 28,657 "
8/15/2022,46411,69625," ₹ 7,325 "," ₹ 8,474 "," ₹ 60,884 "," ₹ 47,581 "," ₹ 13,303 "
8/14/2022,59437,69625," ₹ 5,026 "," ₹ 8,474 "," ₹ 67,900 "," ₹ 59,801 "," ₹ 8,099 "
8/13/2022,66805,69625," ₹ 6,195 "," ₹ 8,474 "," ₹ 48,867 "," ₹ 55,743 "," ₹ -6,876 "
8/12/2022,38994,69625," ₹ 6,645 "," ₹ 8,474 "," ₹ 56,208 "," ₹ 38,733 "," ₹ 17,475 "
8/11/2022,28604,69625," ₹ 6,897 "," ₹ 8,474 "," ₹ 48,723 "," ₹ 47,451 "," ₹ 1,272 "
8/10/2022,51268,69625," ₹ 3,281 "," ₹ 8,474 "," ₹ 88,189 "," ₹ 26,710 "," ₹ 61,479 "
8/9/2022,29552,69625," ₹ 3,789 "," ₹ 8,474 "," ₹ 73,050 "," ₹ 24,024 "," ₹ 49,026 "
8/8/2022,40099,69625," ₹ 5,649 "," ₹ 8,474 "," ₹ 26,915 "," ₹ 37,250 "," ₹ -10,335 "
8/7/2022,49024,69625," ₹ 6,420 "," ₹ 8,474 "," ₹ 45,757 "," ₹ 16,259 "," ₹ 29,498 "
8/6/2022,52905,69625," ₹ 3,435 "," ₹ 8,474 "," ₹ 78,498 "," ₹ 47,169 "," ₹ 31,329 "
8/5/2022,22083,69625," ₹ 7,365 "," ₹ 8,474 "," ₹ 46,561 "," ₹ 45,354 "," ₹ 1,207 "
8/4/2022,37102,69625," ₹ 3,928 "," ₹ 8,474 "," ₹ 44,831 "," ₹ 46,566 "," ₹ -1,735 "
8/3/2022,78448,69625," ₹ 4,347 "," ₹ 8,474 "," ₹ 61,197 "," ₹ 15,617 "," ₹ 45,580 "
8/2/2022,64366,69625," ₹ 3,754 "," ₹ 8,474 "," ₹ 33,446 "," ₹ 24,331 "," ₹ 9,115 "
8/1/2022,77272,69625," ₹ 7,419 "," ₹ 8,474 "," ₹ 59,121 "," ₹ 26,006 "," ₹ 33,115 "
7/31/2022,50674,69625," ₹ 7,882 "," ₹ 8,474 "," ₹ 83,857 "," ₹ 41,223 "," ₹ 42,634 "
7/30/2022,69692,69625," ₹ 8,463 "," ₹ 8,474 "," ₹ 59,873 "," ₹ 25,730 "," ₹ 34,143 "
7/29/2022,36858,69625," ₹ 3,229 "," ₹ 8,474 "," ₹ 36,530 "," ₹ 19,696 "," ₹ 16,834 "
7/28/2022,66516,69625," ₹ 4,915 "," ₹ 8,474 "," ₹ 41,597 "," ₹ 47,679 "," ₹ -6,082 "
7/27/2022,47136,69625," ₹ 8,806 "," ₹ 8,474 "," ₹ 29,587 "," ₹ 28,699 ", ₹ 888 
7/26/2022,32202,69625," ₹ 6,566 "," ₹ 8,474 "," ₹ 36,184 "," ₹ 40,473 "," ₹ -4,289 "
7/25/2022,49273,69625," ₹ 3,080 "," ₹ 8,474 "," ₹ 66,081 "," ₹ 20,056 "," ₹ 46,025 "
7/24/2022,29627,69625," ₹ 8,576 "," ₹ 8,474 "," ₹ 48,367 "," ₹ 31,535 "," ₹ 16,832 "
7/23/2022,23936,69625," ₹ 6,909 "," ₹ 8,474 "," ₹ 76,084 "," ₹ 23,986 "," ₹ 52,098 "
7/22/2022,60506,69625," ₹ 8,414 "," ₹ 8,474 "," ₹ 78,235 "," ₹ 59,859 "," ₹ 18,376 "
7/21/2022,55035,69625," ₹ 7,495 "," ₹ 8,474 "," ₹ 50,955 "," ₹ 47,294 "," ₹ 3,661 "
7/20/2022,24619,69625," ₹ 3,992 "," ₹ 8,474 "," ₹ 34,141 "," ₹ 28,720 "," ₹ 5,421 "
7/19/2022,22276,69625," ₹ 7,800 "," ₹ 8,474 "," ₹ 33,846 "," ₹ 49,839 "," ₹ -15,993 "
7/18/2022,46981,69625," ₹ 5,886 "," ₹ 8,474 "," ₹ 80,081 "," ₹ 28,093 "," ₹ 51,988 "
7/17/2022,31152,69625," ₹ 6,253 "," ₹ 8,474 "," ₹ 79,078 "," ₹ 29,159 "," ₹ 49,919 "
7/16/2022,40234,69625," ₹ 5,078 "," ₹ 8,474 "," ₹ 79,937 "," ₹ 37,098 "," ₹ 42,839 "
7/15/2022,41705,69625," ₹ 4,036 "," ₹ 8,474 "," ₹ 50,793 "," ₹ 27,457 "," ₹ 23,336 "
7/14/2022,54882,69625," ₹ 8,606 "," ₹ 8,474 "," ₹ 46,028 "," ₹ 26,695 "," ₹ 19,333 "
7/13/2022,21557,69625," ₹ 7,455 "," ₹ 8,474 "," ₹ 29,762 "," ₹ 43,503 "," ₹ -13,741 "
7/12/2022,67950,69625," ₹ 7,433 "," ₹ 8,474 "," ₹ 62,660 "," ₹ 54,720 "," ₹ 7,940 "
7/11/2022,39571,69625," ₹ 8,238 "," ₹ 8,474 "," ₹ 57,375 "," ₹ 39,954 "," ₹ 17,421 "
7/10/2022,47039,69625," ₹ 7,080 "," ₹ 8,474 "," ₹ 67,289 "," ₹ 52,299 "," ₹ 14,990 "
7/9/2022,40683,69625," ₹ 4,670 "," ₹ 8,474 "," ₹ 30,679 "," ₹ 20,302 "," ₹ 10,377 "
7/8/2022,32448,69625," ₹ 4,331 "," ₹ 8,474 "," ₹ 39,725 "," ₹ 21,179 "," ₹ 18,546 "
7/7/2022,30937,69625," ₹ 4,699 "," ₹ 8,474 "," ₹ 86,283 "," ₹ 58,092 "," ₹ 28,191 "
7/6/2022,39017,69625," ₹ 8,735 "," ₹ 8,474 "," ₹ 60,818 "," ₹ 48,143 "," ₹ 12,675 "
7/5/2022,46349,69625," ₹ 6,568 "," ₹ 8,474 "," ₹ 86,662 "," ₹ 48,274 "," ₹ 38,388 "
7/4/2022,39042,69625," ₹ 5,965 "," ₹ 8,474 "," ₹ 66,143 "," ₹ 32,922 "," ₹ 33,221 "
7/3/2022,34167,69625," ₹ 3,215 "," ₹ 8,474 "," ₹ 67,597 "," ₹ 41,106 "," ₹ 26,491 "
7/2/2022,38623,69625," ₹ 3,387 "," ₹ 8,474 "," ₹ 42,097 "," ₹ 36,592 "," ₹ 5,505 "
7/1/2022,54190,69625," ₹ 6,824 "," ₹ 8,474 "," ₹ 75,884 "," ₹ 41,719 "," ₹ 34,165 "
6/30/2022,42472,69625," ₹ 3,813 "," ₹ 8,474 "," ₹ 25,389 "," ₹ 54,989 "," ₹ -29,600 "
6/29/2022,70252,69625," ₹ 5,460 "," ₹ 8,474 "," ₹ 84,755 "," ₹ 31,596 "," ₹ 53,159 "
6/28/2022,60702,69625," ₹ 8,207 "," ₹ 8,474 "," ₹ 25,796 "," ₹ 20,491 "," ₹ 5,305 "
6/27/2022,33640,69625," ₹ 4,754 "," ₹ 8,474 "," ₹ 38,875 "," ₹ 25,027 "," ₹ 13,848 "
6/26/2022,43795,69625," ₹ 7,745 "," ₹ 8,474 "," ₹ 48,574 "," ₹ 36,135 "," ₹ 12,439 "
6/25/2022,61792,69625," ₹ 8,076 "," ₹ 8,474 "," ₹ 61,374 "," ₹ 23,929 "," ₹ 37,445 "
6/24/2022,38604,69625," ₹ 8,178 "," ₹ 8,474 "," ₹ 30,814 "," ₹ 57,328 "," ₹ -26,514 "
6/23/2022,20478,69625," ₹ 8,005 "," ₹ 8,474 "," ₹ 64,030 "," ₹ 15,364 "," ₹ 48,666 "
6/22/2022,27039,69625," ₹ 7,838 "," ₹ 8,474 "," ₹ 42,997 "," ₹ 17,630 "," ₹ 25,367 "
6/21/2022,41184,69625," ₹ 8,375 "," ₹ 8,474 "," ₹ 89,422 "," ₹ 50,576 "," ₹ 38,846 "
6/20/2022,76746,69625," ₹ 5,933 "," ₹ 8,474 "," ₹ 84,715 "," ₹ 28,617 "," ₹ 56,098 "
6/19/2022,74397,69625," ₹ 6,546 "," ₹ 8,474 "," ₹ 25,419 "," ₹ 52,266 "," ₹ -26,847 "
6/18/2022,42866,69625," ₹ 7,077 "," ₹ 8,474 "," ₹ 38,506 "," ₹ 21,466 "," ₹ 17,040 "
6/17/2022,55253,69625," ₹ 5,950 "," ₹ 8,474 "," ₹ 57,366 "," ₹ 18,043 "," ₹ 39,323 "
6/16/2022,75186,69625," ₹ 6,691 "," ₹ 8,474 "," ₹ 42,685 "," ₹ 36,704 "," ₹ 5,981 "
6/15/2022,62824,69625," ₹ 4,273 "," ₹ 8,474 "," ₹ 85,775 "," ₹ 40,683 "," ₹ 45,092 "
6/14/2022,77409,69625," ₹ 5,086 "," ₹ 8,474 "," ₹ 33,125 "," ₹ 33,906 ", ₹ -781 
6/13/2022,43324,69625," ₹ 3,249 "," ₹ 8,474 "," ₹ 30,804 "," ₹ 18,790 "," ₹ 12,014 "
6/12/2022,51506,69625," ₹ 5,188 "," ₹ 8,474 "," ₹ 48,309 "," ₹ 32,191 "," ₹ 16,118 "
6/11/2022,50327,69625," ₹ 7,056 "," ₹ 8,474 "," ₹ 76,151 "," ₹ 47,846 "," ₹ 28,305 "
6/10/2022,40636,69625," ₹ 7,118 "," ₹ 8,474 "," ₹ 46,434 "," ₹ 27,906 "," ₹ 18,528 "
6/9/2022,31775,69625," ₹ 4,687 "," ₹ 8,474 "," ₹ 69,221 "," ₹ 31,784 "," ₹ 37,437 "
6/8/2022,66006,69625," ₹ 5,356 "," ₹ 8,474 "," ₹ 44,416 "," ₹ 40,764 "," ₹ 3,652 "
6/7/2022,21997,69625," ₹ 5,968 "," ₹ 8,474 "," ₹ 53,317 "," ₹ 43,426 "," ₹ 9,891 "
6/6/2022,70036,69625," ₹ 4,278 "," ₹ 8,474 "," ₹ 62,693 "," ₹ 57,864 "," ₹ 4,829 "
6/5/2022,25913,69625," ₹ 3,967 "," ₹ 8,474 "," ₹ 77,716 "," ₹ 27,400 "," ₹ 50,316 "
6/4/2022,26423,69625," ₹ 7,146 "," ₹ 8,474 "," ₹ 42,810 "," ₹ 46,626 "," ₹ -3,816 "
6/3/2022,60417,69625," ₹ 3,298 "," ₹ 8,474 "," ₹ 68,395 "," ₹ 40,154 "," ₹ 28,241 "
6/2/2022,50316,69625," ₹ 4,034 "," ₹ 8,474 "," ₹ 63,667 "," ₹ 37,273 "," ₹ 26,394 "
6/1/2022,56571,69625," ₹ 5,928 "," ₹ 8,474 "," ₹ 38,749 "," ₹ 34,659 "," ₹ 4,090 "
5/31/2022,22623,69625," ₹ 5,995 "," ₹ 8,474 "," ₹ 84,794 "," ₹ 22,528 "," ₹ 62,266 "
5/30/2022,26637,69625," ₹ 6,046 "," ₹ 8,474 "," ₹ 56,890 "," ₹ 45,888 "," ₹ 11,002 "
5/29/2022,31298,69625," ₹ 3,049 "," ₹ 8,474 "," ₹ 85,607 "," ₹ 22,083 "," ₹ 63,524 "
5/28/2022,74152,69625," ₹ 5,023 "," ₹ 8,474 "," ₹ 60,160 "," ₹ 56,873 "," ₹ 3,287 "
5/27/2022,27764,69625," ₹ 6,805 "," ₹ 8,474 "," ₹ 30,422 "," ₹ 15,906 "," ₹ 14,516 "
5/26/2022,22400,69625," ₹ 4,964 "," ₹ 8,474 "," ₹ 53,009 "," ₹ 51,073 "," ₹ 1,936 "
5/25/2022,79848,69625," ₹ 5,027 "," ₹ 8,474 "," ₹ 41,581 "," ₹ 31,721 "," ₹ 9,860 "
5/24/2022,32005,69625," ₹ 7,678 "," ₹ 8,474 "," ₹ 28,549 "," ₹ 56,257 "," ₹ -27,708 "
5/23/2022,71658,69625," ₹ 4,046 "," ₹ 8,474 "," ₹ 70,083 "," ₹ 42,806 "," ₹ 27,277 "
5/22/2022,75229,69625," ₹ 6,123 "," ₹ 8,474 "," ₹ 52,531 "," ₹ 44,684 "," ₹ 7,847 "
5/21/2022,30667,69625," ₹ 8,966 "," ₹ 8,474 "," ₹ 85,583 "," ₹ 59,245 "," ₹ 26,338 "
5/20/2022,39670,69625," ₹ 4,372 "," ₹ 8,474 "," ₹ 68,908 "," ₹ 26,070 "," ₹ 42,838 "
5/19/2022,52123,69625," ₹ 6,893 "," ₹ 8,474 "," ₹ 72,233 "," ₹ 45,031 "," ₹ 27,202 "
5/18/2022,45595,69625," ₹ 7,596 "," ₹ 8,474 "," ₹ 42,435 "," ₹ 52,136 "," ₹ -9,701 "
5/17/2022,25343,69625," ₹ 7,406 "," ₹ 8,474 "," ₹ 82,920 "," ₹ 53,702 "," ₹ 29,218 "
5/16/2022,79973,69625," ₹ 7,634 "," ₹ 8,474 "," ₹ 35,938 "," ₹ 43,180 "," ₹ -7,242 "
5/15/2022,58132,69625," ₹ 7,322 "," ₹ 8,474 "," ₹ 46,487 "," ₹ 57,438 "," ₹ -10,951 "
